3564 5640
154 293 201 340 rt.
711 264 928 326 ruarmo.

154 411 306 480 Scutum
324 403 472 488 attinet,
493 399 644 469 lectores
660 395 706 467 ad
722 395 897 490 egregiam
913 392 1111 463 Hermanni
1132 390 1416 489 disputationem
1439 393 1485 465 de

102 537 109 547 '
156 527 290 626 triplici
314 525 424 597 huius
442 521 618 621 poematis
642 519 853 591 recensione
878 518 1105 588 remittamus
1125 530 1281 613 oportet.
1307 517 1485 588 Carminis

157 651 255 723 enim
268 646 468 720 intellectui
482 642 751 739 commodoque
766 641 964 737 legentium
976 639 1071 710 male
1084 637 1294 709 consultum
1307 638 1443 728 suisset,
1455 639 1486 710 si

158 773 256 846 nulla
265 771 387 843 addita
402 769 639 840 adnotatione
653 780 791 836 textum
803 762 1037 860 dispositioni
1052 786 1071 832 a
1083 762 1162 832 viro
1175 760 1387 832 doctissimo
1400 786 1486 859 pro·

157 897 285 997 positae
300 886 467 991 adaptare
483 886 798 983 voluissemus(1).
808 891 862 957 De
881 886 988 975 tertii,
998 884 1099 981 quod
1119 897 1294 982 superest,
1311 884 1488 980 poematis

160 1019 329 1094 Hesiodei
362 1033 488 1090 natura
509 1015 679 1089 Lehrsins
712 1011 819 1083 frater
846 1011 999 1082 dilectus
1031 1015 1281 1104 Quoestr'onum
1305 1021 1484 1112 epacarum

161 1166 192 1214 a.
217 1140 306 1239 1837
327 1140 505 1212 editarum
526 1137 777 1210 dissertatione
790 1135 894 1206 tertia
913 1158 1042 1204 novam
1063 1136 1229 1231 exposuit
1249 1139 1483 1226 sententiam,

158 1291 252 1366 quae,
266 1265 431 1364 quamvis
453 1263 574 1333 minus
592 1261 744 1359 probata
760 1259 996 1348 anonnulliS,
1011 1259 1164 1330 maxime
1182 1274 1304 1330 tamen
1315 1258 1489 1330 idoneum

158 1385 289 1461 harum
304 1411 424 1458 rerum
443 1384 601 1456 iudicem
618 1398 723 1455 nacta
741 1397 796 1453 est
812 1381 1040 1452 defensorem
1058 1381 1121 1478 (a).
1136 1384 1177 1451 ln
1193 1397 1317 1452 nostra
1330 1380 1490 1452 editione

159 1509 316 1605 singulas
331 1508 432 1580 sacile
451 1530 623 1602 agnosces
641 1505 855 1596 sententias,
872 1529 962 1602 quas
980 1503 1151 1575 Lehrsins
1168 1529 1244 1574 non
1258 1504 1328 1575 nisi
1343 1520 1492 1601 propter

159 1633 354 1706 verborum
371 1630 603 1729 quorundam
622 1628 900 1701 similitudinem
913 1627 1144 1725 interpositas
1162 1652 1245 1699 cum
1263 1627 1404 1726 reliquo
1420 1653 1493 1699 car·

162 1757 261 1827 mine
274 1754 333 1825 vix
351 1753 531 1825 cohaerere
545 1752 780 1824 demonstrat.
802 1755 891 1839 Quae
905 1751 1002 1822 idem
1017 1752 1232 1850 interpolata
1249 1776 1325 1822 esse
1344 1751 1493 1842 iudicat,

162 1879 268 1951 uncis
286 1877 524 1967 inclusimus;
547 1901 628 1975 quae
644 1903 664 1949 e
680 1876 787 1947 variis
803 1874 1081 1947 recensionibus
1096 1900 1260 1946 manasse
1275 1874 1375 1965 vult,
1401 1875 1495 1947 indi-

163 2024 243 2072 care
257 2025 333 2072 non
353 2000 467 2072 licuit.
482 1999 612 2071 Multas
628 2000 802 2071 lectiones
819 1999 857 2069 in
880 1999 1091 2070 recensione
1107 2013 1224 2069 textus
1243 1998 1495 2095 Goettlingiani

164 2133 210 2204 ab
224 2137 434 2204 Hermanno
449 2130 719 2203 commendatas
733 2132 771 2203 in
787 2144 954 2201 nostrum
968 2131 1129 2226 Operum
1144 2145 1180 2200 et
1193 2131 1344 2202 Dierum
1357 2145 1495 2203 textum

165 2278 258 2324 nova
276 2253 343 2325 hac
358 2253 497 2324 ratione
515 2253 734 2350 dispositum
747 2252 932 2324 introduci
949 2278 1025 2323 non
1038 2253 1200 2350 potuisse
1214 2268 1372 2351 apparet.
1387 2252 1496 2340 Quod

167 2376 315 2448 Hesiodi
337 2376 620 2473 fragmentorum
642 2375 808 2448 collectio
825 2391 899 2447 tam
914 2391 1018 2447 aucta
1034 2392 1180 2473 tamque
1197 2376 1387 2448 emendata
1398 2402 1497 2449 nunc

168 2500 205 2569 in
225 2498 344 2571 lucem
360 2499 501 2596 prodit,
529 2499 568 2570 id
586 2500 694 2570 etiam
713 2503 923 2571 Hermanno
943 2498 1115 2589 debetur,
1143 2501 1225 2596 qni,
1244 2516 1439 2598 postquam
1458 2502 1496 2570 in

168 2623 379 2695 recensione
394 2622 453 2694 illa
468 2622 762 2717 Goettlingianam
775 2622 1027 2694 collectionem
1042 2623 1226 2717 castigavit
1236 2623 1433 2721 multisque
1447 2623 1499 2694 lo·

168 2747 219 2817 cis
243 2747 360 2817 citatis
380 2746 632 2843 locupletavit,
658 2747 805 2843 triginta
822 2746 889 2817 tria
909 2746 1108 2842 fragmenta
1125 2745 1267 2818 addidit
1292 2770 1387 2818 nora
1413 2746 1458 2843 (l.
1473 2747 1497 2817 l.

168 2893 247 2966 pag.
262 2868 499 2964 soe-271),
516 2894 598 2966 quae
614 2870 651 2940 in
668 2869 829 2941 editione
843 2884 967 2940 nostra
983 2868 1085 2940 litera
1103 2874 1147 2940 H.
1162 2870 1379 2940 notavimus.
1393 2873 1500 2941 Acce·

169 2989 264 3060 dunt
275 3003 446 3086 praeterea
458 2991 662 3087 complura,
682 3015 764 3087 quae
783 3015 1004 3090 quamquam
1023 2991 1061 3062 in
1076 2990 1278 3063 Lehmanni
1297 2991 1341 3061 ds
1354 2991 1502 3063 Hesiodi

170 3110 383 3182 carminibus
398 3111 549 3209 perditis
561 3114 744 3210 particula
765 3116 881 3211 priori
896 3139 994 3185 anno
1023 3115 1114 3185 1828
1135 3113 1292 3185 Berolini
1317 3113 1411 3186 edita
1424 3117 1499 3212 jam

170 3232 361 3328 leguntur,
388 3259 409 3305 a
429 3235 640 3329 Goettlingio
656 3237 788 3308 omissa
800 3251 903 3325 sunt,
918 3237 1058 3334 triaque
1077 3238 1114 3308 in
1140 3238 1298 3309 Crameri
1312 3238 1499 3310 anecdotis

170 3355 331 3452 primurn
374 3354 547 3451 evulgata.
579 3361 754 3429 Numeros
768 3357 1033 3451 Goettlingianae
1065 3359 1289 3431 collectionis
1322 3361 1400 3432 sine
1428 3359 1501 3431 ulla

172 3476 274 3547 litera
293 3478 427 3549 nostris
450 3480 709 3577 apposuimus,
726 3481 887 3552 numeris
911 3481 1136 3553 collectionis
1164 3483 1367 3554 lehmanni
1399 3483 1502 3554 litera

173 3603 231 3691 t,
248 3599 472 3673 collectionis
487 3602 668 3674 Gaissordi
679 3604 735 3675 vel
749 3603 931 3675 Dindorfii
948 3603 1051 3675 litera
1064 3608 1107 3674 D.
1121 3604 1302 3702 adscripta
1321 3619 1385 3676 est.
1397 3611 1502 3700 Frag-

172 3738 339 3794 mentum
346 3726 703 3797 CXVllHermannus
715 3727 753 3797 in
763 3725 973 3823 praelatione
983 3725 1029 3796 ad
1040 3724 1160 3822 Eurip.
1175 3725 1300 3797 Helen.
1313 3751 1391 3823 pag.
1407 3730 1501 3797 XVII

172 3848 348 3937 correxit,
371 3846 521 3945 ejusque
534 3849 828 3921 emendationem
839 3849 1056 3946 recepimus,
1067 3873 1289 3948 quamquam
1301 3848 1501 3921 Hesiodum

172 3971 221 4041 ita
235 3971 408 4042 cecinisse
422 3972 530 4043 nobis
550 3972 767 4070 persuadere
779 3973 840 4044 vix
855 3997 1062 4070 possumus.

220 4098 260 4165 ln
280 4100 485 4166 sponsorio
509 4096 735 4167 aWellaueri
754 4096 973 4169 lectionibus
991 4120 1260 4194 nonnunquam
1277 4099 1500 4169 recessimus.

172 4220 222 4287 Ex
252 4218 314 4307 iis,
347 4243 438 4315 quas
469 4219 643 4291 editionis
669 4220 944 4293 Wellauerianae
972 4219 1117 4290 criticus
1153 4219 1361 4317 (ephemm.
1389 4221 1499 4291 literr.

211 4467 254 4548 (1)
274 4471 397 4529 Versum
413 4478 480 4542 tlt„
494 4472 610 4549 qualem
631 4473 662 4531 in
684 4493 743 4532 una
760 4474 847 4532 trium
860 4474 974 4532 illarum
986 4474 1189 4532 recessionum
1208 4474 1297 4532 luisse
1318 4477 1500 4533 Hermannus

173 4573 244 4647 vult,
258 4576 349 4634 textui
362 4595 416 4635 suo
430 4576 495 4635 loco
511 4575 724 4637 subiunximus.

213 4677 255 4758 (a)
275 4684 473 4740 Hermannom
485 4723 493 4753 ,
506 4683 598 4762 quiin
611 4682 709 4742 Jahnii
723 4682 875 4742 annalibus
888 4681 1054 4761 philologiae
1076 4683 1154 4740 hunc
1176 4681 1282 4740 librum
1304 4694 1391 4760 atque
1414 4678 1492 4736 illam

174 4786 334 4864 praesertim
347 4786 579 4848 dissertationem
593 4789 741 4848 iudicavit.
754 4788 842 4849 Aliud
858 4789 894 4848 de
903 4788 1004 4847 eadem
1017 4788 1217 4847 dissertatione
1230 4786 1371 4846 iudicium
1381 4789 1410 4845 in
1424 4787 1501 4847 zim-

174 4891 336 4949 rnermanni
346 4892 489 4969 ephemm.
510 4894 549 4972 (a.
565 4895 639 4953 1836
650 4938 658 4968 ,
669 4914 733 4973 pag.
758 4895 832 4953 1006
846 4896 922 4974 sqq.)
939 4893 994 4953 sub
1008 4893 1086 4952 calce
1100 4894 1286 4968 recensionis,
1302 4913 1388 4971 quarn
1410 4893 1502 4953 lulius

175 4998 274 5058 cesar
291 4997 327 5056 de
341 4997 392 5056 illo
405 4998 547 5058 Soetbeeri
561 5002 705 5078 opuscolo
717 5001 843 5083 scripsit,
857 5001 953 5081 legere
967 5001 1159 5060 meminimus.

294 5120 301 5155 l
