3564 5640
160 330 195 389 14
696 306 926 368 rauxastuts
949 306 1197 369 FRAGMENTA.

200 443 389 510 Alexandrini
405 441 547 517 Panyasin
571 439 600 496 in
618 457 757 496 canonem
773 439 931 516 Epicorum
973 439 1237 517 peregrinationem
1259 439 1288 496 in
1310 439 1419 516 Lydia,
1445 440 1614 500 luxurianti
1636 442 1734 523 ingenio

159 546 339 613 receperunt.
352 534 395 590 lle
406 529 468 607 ejus
480 547 602 606 poeseos
611 527 711 585 indole
723 528 763 585 ita
774 526 932 602 Dionysius
974 526 1094 604 copiose
1106 546 1270 586 exornasse.
1278 528 1457 611 {Nimirum
1479 530 1644 589 Athenaeus
1662 533 1703 611 (ir.
1712 534 1735 609 8]

158 626 251 686 Halic.
270 622 321 698 qui
337 620 430 676 fertur
443 618 590 695 (Censura
606 627 676 673 vett.
690 616 802 692 scriptt.
827 634 856 691 p.
875 622 932 688 4¹9
973 614 1188 692 navigationem
1204 616 1234 672 in
1252 616 1408 692 Erytheam
1423 635 1462 674 ex
1472 619 1577 692 primo
1586 617 1738 679 librocou·

159 709 267 783 Heislx.i
281 730 288 764 :
302 702 439 770 Πανύασις
463 702 492 762 dl
514 702 562 769 τιίς
587 702 612 759 τ’
629 703 727 783 ἀμφοῖν
752 698 884 777 (Hesiodi
904 711 934 758 et
974 714 1133 760 memorat:
1146 700 1372 778 quaeresddlouc
1384 702 1463 761 adeo
1477 702 1509 760 in
1534 716 1651 763 arctum
1665 709 1739 785 cogit,

160 793 337 870 Antimachi)
359 789 454 873 iperii<
473 789 613 868 ἠνέγκατο,
632 786 678 845 καὶ
695 789 781 846 αὐτῶν
802 807 933 866 πραγμα-
973 801 1104 867 utpoeta
1115 788 1517 868 dissimillimusappareatei
1528 810 1620 868 quem
1632 796 1740 853 extorti

160 884 217 965 ιιία
232 880 278 942 καί
299 882 333 957 τῇ
352 877 411 937 κατ’
433 874 510 934 αὑτὸν
533 872 668 954 οἰκονομία
693 873 836 953 διήνεγκεν.
859 876 933 947 Quae
975 873 1042 935 libri
1071 877 1238 953 fragmentis
1264 878 1485 954 cognoscimus,
1515 890 1552 934 ut
1574 882 1741 940 tractationis

160 971 294 1051 pleniora
314 979 344 1024 et
358 963 522 1022 distinctius
545 962 636 1019 relata
654 962 763 1039 legerat
777 961 933 1032 Quintilia-
974 961 1156 1041 aequabilitas
1170 963 1263 1022 omnis
1281 964 1364 1039 operi
1380 962 1421 1021 ob
1440 963 1644 1042 «disponendi
1666 969 1742 1027 ratio·

160 1079 216 1116 nus
238 1055 285 1134 (X,
306 1073 332 1129 1,
352 1050 444 1128 §54),
461 1050 513 1127 qui
528 1050 564 1107 de
578 1048 704 1107 Hesiodo
721 1062 749 1107 et
759 1049 933 1107 Antimacho
974 1071 1061 1109 nemu
1075 1050 1193 1109 laudato
1201 1051 1351 1128 eripiatur.
1367 1053 1428 1110 Nec
1437 1072 1536 1130 perse
1548 1066 1595 1111 est
1605 1055 1742 1127 credibile,

160 1138 933 1217 locutusitapergi12Parryariuerutroquemixtum
974 1139 1052 1197 illius
1065 1139 1157 1196 aetatis
1175 1151 1290 1216 poetam
1316 1139 1361 1196 sui
1382 1139 1497 1217 ingenii
1525 1141 1688 1219 impetum,
1704 1151 1743 1209 sni

158 1243 265 1308 putant
283 1230 314 1284 iu
330 1228 496 1301 eloquendo,
508 1226 691 1299 neutriusque
704 1245 822 1300 oequcre
840 1228 934 1282 virtu·
974 1227 1071 1305 operis
1090 1228 1181 1304 legem
1201 1247 1237 1285 ex
1260 1227 1384 1285 aliorum
1405 1229 1492 1305 poesi
1514 1231 1654 1305 quamvis
1675 1232 1743 1291 ieliu

162 1333 211 1377 tes.
225 1319 281 1395 (Ex
297 1333 422 1393 quorum
440 1311 555 1389 judicio
570 1312 619 1369 illa
646 1313 753 1389 scripta
772 1324 840 1370 sunt
854 1313 932 1389 apud
974 1314 1167 1392 suspendisse.
1178 1314 1241 1372 Alia
1255 1334 1291 1371 ne
1300 1314 1420 1386 addam,
1434 1314 1559 1373 videtur
1572 1318 1651 1394 apud
1662 1319 1744 1377 Athe-

161 1405 295 1465 Suidam:
304 1399 375 1460 κατα
387 1397 416 1458 δί
428 1421 501 1466 τινας
519 1396 665 1477 [τάττεται]
678 1397 725 1456 καί
740 1399 797 1476 prt’
809 1398 933 1459 Ἡσίοδον
974 1421 1067 1460 naeum
1078 1400 1218 1461 dabiisse
1229 1403 1260 1459 in
1272 1405 1310 1461 A:
1322 1422 1386 1461 eam
1397 1402 1515 1461 literam
1526 1403 1635 1463 leuiter
1642 1419 1744 1465 vertere

161 1491 207 1552 καί
224 1487 402 1567 Ἀντίμαχον.)
419 1491 546 1544 Alterum
573 1501 669 1544 tamen
692 1486 730 1543 ab
744 1507 777 1543 eo
796 1489 931 1556 matera,
974 1489 1072 1549 malim
1082 1510 1170 1568 quam
1179 1491 1345 1551 Heracleam
1360 1502 1501 1568 torquere
1512 1492 1710 1553 vehementer.

160 1583 283 1637 altarum
298 1578 473 1652 disponendi
485 1577 593 1633 raucae
606 1576 694 1635 vinci.
706 1574 789 1635 Ocni.
804 1575 932 1634 Naelxium
1015 1580 1081 1638 Hou
1102 1598 1219 1657 possum
1238 1579 1400 1638 Aristotelis
1419 1579 1457 1638 de
1474 1578 1646 1657 hujusmodi
1663 1600 1743 1659 argn-

162 1667 200 1727 de
214 1665 343 1725 Choerilo
356 1684 385 1741 p·
409 1665 442 1721 6¹
463 1684 506 1740 sq-
974 1679 1075 1724 mento
1088 1665 1229 1742 judicium
1245 1667 1394 1745 praeterire
1405 1689 1412 1723 ι
1424 1667 1506 1745 qnod
1525 1688 1632 1727 verum
1651 1684 1745 1728 essert

202 1752 344 1813 Heraclea
358 1751 527 1826 Panyasidis
540 1769 599 1807 non
613 1761 763 1826 quattuor,
780 1748 830 1807 scd
847 1761 934 1826 quat·
974 1772 1011 1811 ex
1021 1754 1084 1831 ipsa
1099 1772 1218 1831 poeseos
1230 1768 1332 1813 namra
1340 1756 1463 1833 petitum
1474 1769 1600 1815 eventus
1613 1757 1744 1837 hodieque

162 1842 326 1902 tuordecim
336 1841 743 1899 librorumsuitzmemoratur
752 1838 933 1912 undecimus,
974 1839 1087 1919 probat.
1103 1843 1174 1901 Nam
1196 1862 1249 1921 per
1272 1862 1357 1901 omne
1384 1854 1500 1921 tempus
1519 1845 1631 1923 scripta
1645 1858 1745 1904 suntet

162 1944 192 1989 et
211 1930 373 2007 fragmenta
399 1928 530 2006 quadam
554 1927 712 1986 ostendunt
732 1947 790 1984 non
812 1928 934 2005 picturis
974 1928 1139 1988 scribuntur
1160 1928 1212 2002 ίπη
1232 1950 1296 2008 quae
1316 1929 1505 2009 biographica
1532 1931 1653 1992 dixeris.
1671 1935 1742 1993 liasi

161 2018 251 2077 modo
267 2037 351 2087 eum,
371 2016 421 2074 sed
437 2014 620 2074 sermonibus
638 2016 726 2074 etiam
751 2016 873 2075 heroum
887 2036 934 2074 res
975 2018 1114 2076 maximos
1130 2017 1245 2095 plausus
1259 2018 1389 2077 reudisse
1403 2030 1573 2091 narramur,
1588 2020 1645 2079 hoc
1655 2022 1741 2079 aedas

161 2119 256 2184 gestas
269 2106 420 2164 animasse.
448 2105 521 2164 Usus
553 2123 615 2161 esse
639 2103 757 2161 videtur
785 2103 842 2162 illis
874 2104 934 2162 iere
974 2104 1097 2176 efficere,
1114 2118 1147 2164 ut
1166 2105 1285 2164 lectores
1301 2126 1367 2164 cum
1393 2104 1589 2166 admiratione
1622 2108 1740 2186 ίσῐςααιιι

162 2193 313 2264 omnibus,
327 2212 392 2270 quas
408 2202 475 2249 ante
494 2210 561 2248 eum
577 2189 728 2263 Pisandes,
741 2190 933 2262 Stesichorus,
975 2192 1123 2270 sicigitur
1146 2194 1330 2264 Aristoteles,
1343 2195 1460 2257 ,Poetic
1475 2216 1502 2254 c.
1516 2195 1661 2263 ὃτΜῦθιίς
1679 2198 1739 2255 ἐστιν

162 2283 286 2342 i'ortasse
300 2280 349 2338 alii
363 2300 482 2358 quoque
502 2291 596 2356 poetae
616 2278 700 2354 lyrici
712 2289 743 2337 et
760 2279 867 2336 scenici
886 2279 933 2336 vel
975 2270 1026 2353 αἶς,
1040 2282 1105 2359 οὐχ,
1117 2278 1207 2362 ὥαπιρ
1222 2278 1289 2347 τινίς
1301 2279 1415 2355 οίονπαι,
1425 2279 1474 2340 ttv
1484 2280 1608 2362 πσρλὲνα
1623 2275 1651 2363 ᾖ·
1665 2282 1740 2343 anm

163 2390 241 2429 nova
256 2369 374 2430 Herculi
398 2367 574 2437 tribuerant,
588 2366 634 2424 vel
648 2367 744 2425 minus
757 2379 827 2425 nota
840 2367 934 2425 cxlo-
976 2364 1290 2448 γὰρκαίᾶπτιραπῷὲνλ
1307 2366 1461 2445 συμόαίνιι·
1485 2368 1514 2438 ἐξ
1534 2360 1575 2430 ὧν
1589 2370 1739 2432 nusum

161 2478 263 2517 corum
278 2457 386 2534 mythis
400 2457 430 2513 in
443 2457 536 2514 lucem
549 2454 746 2531 protulerant:
759 2473 826 2512 narn
839 2453 875 2512 de
890 2474 935 2513 re-
975 2456 1046 2513 ίσπιν
1067 2452 1104 2513 ἕν.
1124 2453 1205 2515 Οὕτω
1219 2453 1248 2513 δὲ
1260 2455 1305 2514 καί
1318 2454 1424 2535 πράξαις
1441 2455 1501 2524 ἑνὸς
1512 2458 1619 2517 πολλαί
1631 2458 1739 2533 sirmii

161 2545 217 2605 bus
231 2544 380 2604 nonnullis
398 2543 506 2601 diserte
518 2541 590 2599 illud
605 2554 748 2600 testantur
762 2542 934 2619 scriptores;
975 2533 1012 2600 ὧν
1028 2541 1077 2620 μία
1095 2542 1205 2620 οὗδιμία
1218 2541 1336 2621 γίγνεται
1347 2541 1449 2621 πρᾶξις.
1465 2543 1535 2605 Δι’ὃ
1551 2545 1651 2615 πάντας
1661 2546 1738 2607 ζώω.

161 2634 199 2694 ad
209 2634 397 2709 antiquorum
408 2631 479 2687 ἐπῶν
489 2626 619 2687 subulam
635 2647 780 2687 reversum
796 2647 858 2686 esse
871 2648 934 2686 me-
976 2652 1017 2690 σιν
1043 2629 1215 2710 ἁμαρτάνειν,
1233 2630 1290 2690 ίίσοι
1309 2633 1363 2691 τῶν
1386 2635 1507 2704 ποιητῶν
1519 2631 1689 2716 Ἧραιιληίδα
1701 2636 1739 2694 καί

162 2716 933 2795 morantnusquanr.illisenimapudClementemrllex.
976 2718 1100 2790 θησηίδα
1123 2718 1170 2777 καί
1199 2717 1366 2778 τὰτοιαῦτα
1389 2718 1532 2798 ποιήματα
1559 2723 1737 2797 πεποιήκασιν·

161 2809 321 2879 Strom.Vl,
336 2827 365 2883 p.
381 2806 435 2878 751
448 2801 662 2870 ελῦτοπελῶςτᾶ
674 2801 769 2884 ίτίραιν
781 2801 934 2881 ὑφελόμενοι
976 2805 1076 2865 οἴονται
1095 2804 1159 2888 γὰρ,
1181 2804 1238 2864 ἐπεὶ
1256 2796 1291 2873 ei<
1305 2798 1339 2879 ἦν
1355 2810 1369 2865 ὁ
1392 2804 1551 2888 Ἡρακλῆς,
1573 2809 1621 2870 ἕνα
1647 2811 1738 2870 καὶτὸν

160 2900 197 2965 ὥς
216 2895 270 2956 ίδια
288 2892 427 2971 ἐξήνεγκαν
490 2892 592 2971 (quum
615 2892 664 2951 alii
685 2890 757 2965 tum)
769 2888 934 2957 Πανίασιςὸ
977 2896 1057 2970 μῦθον
1072 2883 1139 2951 εἶναι
1151 2892 1303 2974 προσήκειν.
1318 2891 1541 2977 ὉδίὍμηρος,
1554 2896 1739 2979 &caputii

162 2980 361 3063 Ἁλικαρνασεὺς
367 2978 442 3061 παρὰ
455 2978 667 3063 Κρεωφύλουζτοῦ
681 2977 785 3056 Σαμίου
795 2977 843 3048 τὴν
851 2980 935 3057 Οίχα·
976 2981 1045 3039 ἄλλα
1056 2978 1186 3062 διαφέρει,
1198 2980 1244 3039 καί
1259 2982 1330 3040 τοῦτ’
1347 2980 1417 3041 ἔοικε
1429 2985 1518 3050 καλῶς
1536 2985 1612 3060 ideis,
1626 2986 1683 3059 ἦτοι
1701 2985 1738 3044 διὰ

160 3074 219 3138 λίας
232 3073 433 3141 ἅλωσιν,ιιοιιιο
443 3069 494 3144 qui
507 3070 590 3126 istam
601 3068 636 3125 de
644 3070 755 3143 plagiis
766 3068 933 3143 tragoediam
975 3068 1070 3147 τέχνην
1082 3067 1099 3139 ἢ
1112 3065 1155 3126 διὰ
1169 3067 1254 3149 prinu.
1267 3069 1423 3128 Ὀδυσσείαν
1434 3067 1487 3151 γὰρ
1498 3075 1584 3130 ποιιῖιν
1598 3075 1646 3131 οὐκ
1656 3072 1738 3143 ἐποίη·

163 3173 253 3216 totam
280 3157 453 3233 inspexerit,
480 3157 510 3212 id
532 3154 588 3212 sihi
613 3154 782 3230 persuaderi
806 3156 935 3230 patiatur
976 3179 1020 3215 neu
1033 3156 1139 3214 ἅπαντα
1153 3155 1204 3213 ὅσα
1217 3158 1289 3236 αὐτῷ
1306 3156 1420 3229 συνέὅη,
1437 3149 1492 3216 οἷον
1512 3159 1738 3238 πληγῆναιμὶνέν

161 3259 194 3303 ut
218 3244 361 3319 Panyasin
380 3244 408 3299 in
431 3262 466 3298 eo
488 3242 553 3297 loco
567 3261 620 3316 per
630 3239 933 3314 omniaCrcophylum
976 3246 1014 3322 τῷ
1041 3245 1189 3322 Παρνασῷ,
1212 3248 1327 3320 μανῆναι
1350 3244 1377 3302 δὲ
1404 3247 1685 3325 apocrisiariatus
1707 3251 1738 3304 τῶ

160 3332 337 3409 expressisse
357 3329 445 3386 dicat.
473 3330 608 3385 Ceterum
634 3327 721 3382 nimis
753 3327 809 3383 levi
834 3346 934 3384 caussa
976 3332 1099 3411 ἀγερμῷ·
1115 3321 1151 3389 ὧν
1165 3329 1238 3389 οὐδὲν
1250 3329 1357 3412 θατέρου
1370 3333 1512 3409 γενομένω
1526 3309 1737 3413 ἀναγκαῖονῆνίι,

160 3430 312 3497 permotus
328 3419 363 3475 Ο.
385 3415 524 3474 Miillet'us
539 3415 575 3472 de
592 3413 704 3472 ratione
715 3433 772 3489 qua
788 3426 934 3489 pociores
975 3416 1043 3483 εἰκὸς
1053 3418 1159 3497 θάτερον
1172 3419 1305 3495 γενέσθαι·
1321 3418 1389 3477 ἀλλὰ
1405 3419 1466 3499 περί
1486 3422 1550 3498 μίαν
1570 3422 1676 3504 πρᾶξιν,
1688 3422 1736 3482 οἷαν

161 3504 467 3567 Herculistractaverit
477 3501 785 3579 hocjudiciumemisit
797 3501 881 3579 (Hor.
896 3504 933 3574 ll,
975 3504 1095 3584 λέγομεν,
1111 3504 1156 3577 τὴν
1173 3506 1328 3566 Ὀδυσσείαν
1344 3506 1510 3579 συνέστησεν.

160 3616 188 3672 p.
203 3593 273 3671 λοι)
284 3617 290 3652 :
303 3621 314 3644 α
326 3591 497 3668 Panyasidis
508 3591 646 3650 Heraclea
659 3590 682 3647 si
693 3589 775 3646 libris
786 3601 934 3665 quattuor·

160 3683 271 3752 decim,
288 3701 423 3739 versuum
440 3680 568 3738 millibus
582 3697 688 3735 novem
699 3677 931 3754 comprehende-

159 3771 256 3838 batur,
273 3784 351 3848 gesta
368 3770 519 3846 quaedam,
532 3770 562 3826 in
580 3767 676 3825 medio
692 3767 853 3843 prasertim
868 3787 932 3824 car·
1252 3781 1464 3841 flssppcffip

160 3860 250 3929 mine,
262 3858 387 3916 maxima
401 3877 467 3914 cum
479 3857 563 3933 copia
575 3868 605 3912 et
613 3855 681 3912 satis
693 3856 806 3931 prolixe
817 3867 931 3912 narrata

161 3947 372 4003 luissenecessc
388 3958 446 4001 est:
459 3964 525 4001 nant
537 3941 629 4007 ἄθλους
642 3962 742 3999 omncs
754 3942 932 4018 complecte—
1346 3911 1371 3967 ¹⁴

160 4030 247 4089 batur
269 4031 343 4088 liber
369 4032 491 4108 primus.
515 4032 611 4100 Quare
633 4030 775 4105 Panyasin
802 4029 931 4088 breviter
1013 4030 1174 4108 Stephanus
1196 4030 1521 4109 spaniacensem
1544 4036 1595 4104 τῆς
1606 4032 1731 4112 Νεμέας...

162 4120 293 4177 retulisse
307 4131 380 4196 puto
391 4139 457 4195 quae
472 4117 509 4176 ab
524 4119 587 4176 aliis
600 4117 661 4193 jam
682 4129 804 4174 tractata
818 4129 929 4188 essent;
973 4116 1007 4177 ‘0
1024 4117 1133 4189 πολίτης
1151 4119 1345 4196 Βεμὸινίτης..
1360 4118 1433 4200 παρὰ
1449 4118 1590 4202 δὲῬιανῷ
1609 4122 1730 4199 Βεμὸινί-

160 4219 190 4264 at
203 4206 313 4264 fabulas
327 4219 393 4264 ante
405 4208 501 4284 ipsum
515 4205 573 4263 scre
581 4205 740 4282 neglectas,
755 4216 788 4261 ut
799 4206 929 4262 Herculis
972 4229 1027 4276 της.
1041 4205 1147 4265 Ἔοικεν
1158 4198 1203 4265 οὖν
1219 4208 1301 4287 (adde
1312 4211 1363 4281 ὡς,
1375 4209 1424 4266 sed
1435 4209 1464 4266 in
1475 4213 1619 4288 exemplis
1632 4228 1733 4289 quoquc

1270 3678 1433 3703 NJ.-

191 4404 283 4454 Fabula
293 4408 331 4453 est
342 4405 367 4453 in
388 4418 414 4455 se
425 4416 492 4465 una,
507 4417 575 4463 non,
589 4407 616 4452 nt
627 4403 727 4465 quidam
744 4403 893 4465 opinantur,
908 4403 929 4452 si
977 4408 1097 4455 Parnasso
1109 4408 1263 4457 vulneratum
1275 4420 1335 4467 esse,
1348 4411 1372 4456 et
1383 4407 1504 4456 insaniam
1521 4409 1656 4459 simulasse
1664 4409 1688 4458 in
1699 4407 1732 4457 de

161 4478 271 4524 versatur
284 4474 348 4522 circa
365 4474 489 4522 hominem
509 4486 584 4521 unum
598 4492 603 4518 ι
616 4473 694 4521 multa
711 4473 776 4520 enirn
797 4476 822 4520 ct
836 4470 929 4518 infinita
973 4475 1058 4535 iectu;
1073 4492 1177 4540 qnorum
1194 4482 1321 4538 neutrum,
1336 4477 1356 4526 si
1373 4477 1476 4527 alterum
1493 4479 1589 4528 lactum
1600 4478 1732 4539 esseufiei

161 4545 203 4594 uni
215 4544 343 4605 accidunt3
357 4558 387 4593 ex
399 4556 503 4606 quorum
513 4542 662 4604 quibusdam
676 4541 736 4590 nihil
747 4541 773 4589 sit
790 4554 875 4589 ιιιιιιιιι.
888 4541 929 4589 sic
973 4549 1135 4597 necessarium
1153 4553 1196 4598 qur
1210 4549 1342 4598 verisimile
1366 4553 1417 4597 „m
1433 4563 1439 4595 :
1455 4549 1498 4598 sed
1515 4549 1546 4600 (ιθ
1561 4564 1631 4610 um,
1647 4549 1733 4613 quw

160 4616 235 4665 etiam
251 4614 359 4664 actiones
371 4616 442 4663 unius
458 4613 543 4663 multae
563 4617 632 4673 sunt,
646 4611 780 4674 exquibus
801 4624 849 4659 nna
864 4611 929 4660 nulla
972 4617 1090 4680 diximus,
1100 4620 1195 4671 actione
1204 4620 1338 4682 Odysseam
1350 4620 1495 4682 composuit.

161 4683 188 4732 tlt
199 4687 270 4734 actio.
282 4687 362 4741 Quare
371 4698 455 4734 omnes
467 4684 583 4733 videntur
592 4696 680 4741 errare,
692 4682 839 4745 uilicumque
849 4685 929 4743 pocta·

162 4767 216 4803 rum
233 4754 400 4804 Heraclcidem
412 4761 436 4804 et
447 4754 591 4803 Theseidcm
605 4756 630 4802 et
648 4752 735 4801 similia
748 4756 858 4814 poemata
870 4752 929 4800 lece·

161 4829 226 4873 runt.
240 4826 331 4873 Putaui
348 4824 428 4883 enim,
440 4824 555 4885 quoniam
568 4836 633 4870 uirus
647 4823 694 4872 luit
708 4822 837 4881 Hercules,
853 4834 927 4869 unam
1239 4827 1463 4887 HERACLEA,

160 4893 235 4941 etiam
249 4908 301 4943 csse
312 4894 417 4943 inbutam
430 4895 526 4944 debere.
540 4896 661 4942 llomcrus
672 4906 739 4951 vero,
753 4892 825 4940 siculi
840 4891 928 4940 celcris

162 4963 186 5009 in
194 4962 371 5023 reluiscminet,
384 4965 417 5012 ita
426 4966 471 5013 lion
482 4978 579 5026 qunque
590 4964 685 5011 ridetur
697 4966 760 5011 recle
769 4961 928 5024 perspexisse,
1343 4952 1367 4998 l·

161 5030 215 5079 sive
229 5032 287 5081 artis
303 5047 345 5082 seu
363 5038 457 5090 tratura
479 5035 603 5083 iniresrcio.
620 5033 754 5094 odysseam
771 5033 835 5081 enim
848 5043 925 5093 quum
1005 5026 1129 5087 Bcnrliiua,
1144 5027 1214 5074 ricus
1223 5029 1319 5076 Nemeae
1321 5059 1367 5072 .....
1380 5024 1451 5085 cujus
1466 5023 1606 5086 oppidanus
1623 5020 1733 5072 amnui·

162 5102 260 5154 sacerd.
276 5105 552 5153 noneaarravitonrnia
567 5116 623 5165 qun
639 5103 839 5161 illiacciderunt,
856 5104 884 5150 ut
899 5102 923 5149 in
972 5104 1010 5148 tes
1012 5132 1057 5146 .....
1073 5097 1144 5159 Apud
1155 5098 1277 5174 ¹1¹an
1291 5109 1349 5146 vero
1364 5094 1734 5158 Bembinates,ntAEssiuatcret

1278 4738 1422 4761 ‘000'—
