3564 5640
114 303 151 356 aa
662 285 854 365 ,cumana
874 285 1122 348 minuerat.

114 427 180 486 dicu.
192 421 250 488 Sed
264 421 456 500 precedentia
466 438 555 496 quum
568 419 719 497 perierint,
729 418 766 477 de
778 417 880 496 primis
921 430 981 477 tam
1003 417 1098 478 leuem
1119 420 1228 480 nisiex
1253 441 1362 500 magno
1384 423 1521 500 quodam
1540 436 1571 484 et
1588 427 1673 490 eelehn’

113 512 210 573 verbis
223 531 282 569 non
295 510 363 570 satis
377 520 459 567 certo
472 508 560 566 statui
573 519 680 585 potest.
693 509 736 564 Ειι
749 508 881 563 manibus
921 508 1049 566 carmine
1063 527 1123 566 non
1138 511 1284 567 enotaturi
1302 510 1427 569 finissent
1449 525 1481 571 et
1498 518 1675 592 propagaturi

113 615 195 658 tenea
208 619 277 676 opes
286 619 377 671 mear,
391 617 457 675 quae
469 609 560 655 terras
572 607 601 654 et
612 596 703 655 maria
714 595 798 653 brevi
813 606 880 653 urite
920 595 980 653 Nec
994 607 1090 654 tamen
1109 597 1265 656 Choerilum
1285 599 1441 659 credemus
1456 600 1541 659 terta
1557 617 1586 661 et
1598 602 1678 684 puta<

114 689 321 765 impleverant,
332 687 421 757 fracti
429 687 533 761 populi
535 684 664 757 frustum
676 725 685 754 ,
699 694 755 742 etc.
774 683 880 742 Lucem
920 696 1006 740 terroe
1017 684 1187 762 simpliciter
1196 687 1305 745 dixisse
1313 707 1383 746 saxa
1395 701 1424 747 et
1436 690 1571 762 flumina,
1579 693 1680 752 sedmc

113 775 174 834 haec
200 776 365 852 acciperent
389 773 413 831 si
438 773 576 830 sciremus
594 791 652 848 qua
673 769 794 845 habitu,
816 789 881 847 qne
921 769 1022 830 derata
1036 792 1071 830 ea
1083 774 1252 852 metaphora
1266 789 1425 834 ususest.»
1446 781 1578 836 Noelr'as.

115 875 246 939 agentem
264 863 294 920 in
306 862 374 938 luga
388 861 514 938 pinxerit
526 872 612 938 poeta
623 859 764 930 Xerxem,
779 858 803 915 si
814 869 880 915 sunt
1282 861 1327 920 12,

12 990 17 998 -
114 950 226 1009 Xerxis.
242 949 274 1008 Δ*
284 948 397 1008 addidit
410 950 591 1008 Hermannns
605 946 644 1005 ab
661 965 788 1006 versum.
802 950 881 1005 Tou·
962 947 1085 1007 suidas:
1108 949 1231 1025 ildonea,
1248 953 1345 1028 μῑζον,
1368 951 1548 1034 μακρόπρον.

13 1248 29 1284 ,ι
113 1213 178 1271 Ιοοο
193 1209 877 1290 nescioquidelumbesonat.FelicioreratNaelrii

114 1038 180 1116 pius
190 1036 313 1116 conjecit
322 1035 413 1118 χερσίν
422 1034 531 1094 ἄνολὸον
545 1033 601 1116 ἔχω
610 1032 715 1102 κύλικος
723 1032 829 1115 τρύφος,
835 1052 881 1092 re-

114 1120 879 1203 ceptumaSchweighaenseraetDiintzermqnodhoc

1224 1078 1513 1163 ’carpetam
1526 1047 1649 1169 mapa

979 1181 1104 1260 Αἰγᾶλιω
1114 1183 1266 1263 hiltimot,
1278 1184 1349 1264 ἄγων
1363 1184 1450 1266 μέγαν
1464 1188 1551 1265 ὑετὸν,
1562 1189 1631 1264 ἔστι.

114 1312 244 1371 conatus,
259 1298 350 1381 χεροΙν
368 1299 374 1380 Ι
391 1296 469 1358 ditior
484 1296 594 1359 ιΙνολὸον
611 1296 675 1378 ἔχω.
687 1302 721 1355 V.
735 1301 752 1357 3
765 1297 879 1356 codices
959 1310 1049 1369 Naekfi
1063 1310 1100 1370 de
1119 1312 1164 1372 his·
1180 1311 1259 1372 dicta
1273 1315 1304 1373 in
1322 1316 1423 1375 ludice
1437 1319 1584 1393 praelecu,
1598 1321 1680 1381 hiber.

112 1385 204 1446 deal*
223 1385 352 1460 ἄνακτος,
371 1386 450 1464 quod
470 1386 630 1445 luculenter
652 1387 780 1444 correxit
802 1385 878 1444 Guil.
919 1418 1020 1458 mmm
1032 1400 1681 1487 Bonum,1827‚repetointegra‚quiapau.

112 1476 262 1534 Canterus.
272 1474 355 1533 Conl.
367 1473 579 1552 Panyasidislr.
590 1475 618 1532 6.
630 1473 880 1551 hletaphorasplu·
919 1486 961 1544 cis
972 1507 1088 1546 versare
1099 1508 1150 1548 eos
1160 1488 1275 1551 libellos
1290 1492 1447 1570 contingit.
1464 1520 1478 1546 a
1487 1496 1554 1553 Non
1570 1498 1680 1558 scribam

114 1583 176 1635 res,
189 1582 254 1640 quae
268 1561 346 1640 apud
361 1563 434 1620 alios
455 1574 557 1640 poetas
573 1562 618 1619 vel
633 1563 787 1638 scriptores
805 1580 878 1639 poe·
918 1573 1015 1656 impl
1027 1576 1057 1634 in
1073 1576 1127 1634 hac
1141 1577 1209 1637 sede
1231 1598 1342 1640 versus,
1365 1581 1454 1641 Addo
1475 1584 1580 1643 eadem
1600 1588 1680 1664 1031,

113 1651 163 1709 tici
178 1649 285 1708 coloris
299 1662 427 1707 amantes
440 1648 584 1707 habentur
596 1649 724 1726 singulae,
736 1646 878 1706 Choerilus
919 1662 1010 1722 suida
1021 1664 1100 1741 apud
1112 1667 1296 1742 pampinum,
1308 1682 1337 1727 et
1347 1682 1462 1748 partem
1475 1672 1543 1745 1001,
1555 1673 1625 1751 ἄγω,
1637 1719 1643 1731 ,
1654 1719 1676 1734 ,,

112 1739 142 1795 in
157 1757 242 1794 unam
257 1737 409 1812 imaginem
428 1755 549 1812 eamque
564 1734 825 1812 splendidissimam
836 1735 878 1792 le-
918 1748 992 1822 stm,
1004 1771 1153 1812 recurrere
1166 1754 1243 1833 apud
1256 1756 1376 1818 suidam
1390 1778 1417 1815 v,
1429 1756 1526 1827 Ὑῑτός
1534 1804 1542 1833 ‚
1557 1761 1608 1820 ubi
1617 1765 1680 1822 mal,

112 1825 206 1882 liciter
219 1823 379 1901 conjunxit.
391 1823 585 1900 Paraphrasin
600 1823 675 1880 inira
687 1822 783 1900 posui.

150 1989 315 2067 Simplicius
329 1989 361 2048 ln
371 1910 531 2046 aristotilis
544 1988 629 2064 Phys.
642 1987 723 2062 vltt,
733 1988 752 2044 Ι.
766 1985 876 2064 ο76,Ι);

119 2119 146 2137 ..
160 2075 262 2154 ,ὅμοιόν
276 2078 347 2135 ἐστιν
362 2074 453 2156 ἐκείνῳ
472 2078 511 2157 τῷ
526 2073 599 2156 λόγῳ
614 2077 652 2155 τῷ
666 2074 726 2154 περὶ
744 2077 809 2148 τοῦ,
831 2073 876 2134 τὸν

112 2169 209 2244 σονιχῆ
221 2169 268 2223 τοῦ
280 2162 372 2228 ὕδατος
382 2163 534 2240 σταλαγμὸν
551 2162 691 2221 κοιλαίνειν
705 2159 753 2232 τὴν
765 2160 873 2241 πέτρον.

152 2268 259 2352 Πίτρην
273 2268 401 2329 κοιλαίνει
418 2267 490 2349 pavle
508 2266 600 2337 ὕδατος
612 2266 778 2348 ἰνδιλιχεΙῃ,

110 2375 218 2458 parisi
236 2373 366 2457 Χοιρίλος.
389 2375 458 2436 Sine
481 2375 597 2434 nomine
616 2385 709 2451 poetae
733 2386 820 2451 atque
842 2387 875 2432 ut

111 2462 323 2542 proverbialem
339 2482 454 2521 versum
469 2474 676 2521 commemorat
694 2461 821 2521 Galenus
831 2463 875 2521 tte

111 2564 281 2629 temperam.
295 2551 349 2623 ΙΙΙ,
365 2558 392 2621 d,
404 2550 463 2607 rol.
477 2552 507 2621 3,
519 2570 549 2628 p.
559 2551 613 2620 84,
625 2551 662 2620 (ῖς
675 2550 718 2608 De
733 2549 804 2607 locis
821 2549 871 2607 att.

109 2639 132 2710 Ι,
144 2659 172 2710 a,
187 2640 245 2701 νοΙ.
259 2639 322 2710 Vll,
334 2656 364 2715 p.
381 2639 447 2709 387,
461 2638 559 2711 A3alii
574 2638 731 2715 scriptores
743 2637 826 2696 multi
836 2636 873 2695 ad

110 2747 176 2786 eum
186 2727 330 2805 respicere
349 2726 495 2784 videntur.

149 2895 294 2970 Diogenes
313 2892 406 2952 Laert.
426 2893 456 2963 l,
470 2813 525 2960 ΙΙΙ,
544 2891 581 2949 de
592 2890 723 2950 Thalete:
744 2889 832 2950 Ἔνιοι
846 2892 873 2950 δὲ

108 2980 153 3039 καὶ
167 2979 244 3039 αὐτὸν
259 2981 362 3059 πρῶτον
374 2981 455 3037 εἰπεῖν
472 3000 550 3060 φασιν
561 2977 704 3046 ἀθανάτους
712 2976 761 3045 τὰς
771 2980 871 3058 ψυχάς·

108 3057 145 3124 ὧν
164 3070 220 3125 ἐστι
241 3064 361 3145 Χοιρίλος
381 3070 394 3124 ὁ
414 3065 534 3138 ποιητής.

154 3245 272 3300 Tzetzes
298 3157 514 3298 Commentaiili
536 3242 566 3298 in
593 3243 800 3317 Hermogenem
825 3263 871 3318 ap.

108 3329 260 3388 lluhnlren.
273 3327 310 3384 ad
323 3328 443 3402 Longin.
458 3348 486 3403 p.
499 3330 556 3385 235
572 3328 733 3386 edll'eisla.
747 3342 776 3385 et
791 3331 870 3387 Wal-

109 3417 184 3474 zium
195 3416 353 3474 llhetorum
365 3416 422 3472 vol.
436 3417 492 3490 ΙΙΙ,
509 3435 536 3492 p.
548 3415 601 3471 651
616 3440 622 3473 ε

167 3536 219 3597 Kal
230 3534 357 3619 ripparii
368 3534 558 3612 lapidarent,
566 3533 655 3615 ὥσπερ
664 3543 732 3593 ποιεῖ
743 3536 871 3617 Χοιρίλος,

166 3644 256 3701 καλῶν
269 3640 328 3708 τοὺς
346 3640 432 3707 λίθους
455 3644 525 3717 «γῆς
546 3643 609 3698 ὀστᾶ
621 3667 647 3713 r,
666 3638 723 3705 τοὺς
738 3639 872 3717 ποταμοὺς

543 3771 554 3796 a
567 3749 615 3823 γῆς
626 3743 732 3825 pillinc.
745 3772 757 3796 a

148 3856 326 3915 «Choerilum
337 3855 463 3915 Samium
475 3853 579 3910 decent
589 3853 649 3911 hee
662 3855 870 3931 metaphorica,

106 3965 192 4023 quem
211 3947 335 4020 figurato
351 3962 482 3999 sermone
499 3941 672 3998 delectatum
690 3943 777 3999 luisse
797 3963 870 4000 con-

105 4044 161 4090 stet
176 4076 183 4090 .
196 4075 203 4090 .
217 4036 272 4090 ,Αο
289 4030 441 4107 quominus
456 4030 619 4087 reserantur
632 4029 669 4086 ad
682 4031 812 4102 Persica,
830 4033 872 4088 ni·

106 4119 145 4177 lril
157 4119 298 4197 impedit;
315 4119 403 4176 immo
418 4116 528 4194 aliquid
546 4116 708 4193 persuadet.
723 4118 794 4176 Nam
809 4140 869 4177 rem

104 4329 180 4389 (Qua
191 4332 318 4391 irnaalaes
329 4327 378 4376 hac
385 4327 548 4389 paraphrasi
557 4328 686 4389 explicari
695 4334 806 4390 possunt
815 4334 867 4380 :En

103 4411 161 4460 apes
179 4406 254 4458 meas,
266 4398 336 4460 quasi
355 4397 424 4445 fracti
446 4396 527 4445 calicis
549 4401 644 4457 testam,
667 4398 827 4460 fragmentum
837 4414 867 4449 ex

103 4468 225 4529 naufragio
238 4467 371 4529 (rasorum)
384 4466 415 4514 ab
424 4466 587 4528 epulatoribns
601 4467 718 4527 excitata,
731 4469 868 4529 cujusmodi

103 4539 180 4588 multa
189 4540 320 4588 uehemens
329 4538 431 4587 ebrietas
440 4538 579 4600 petulantias
590 4538 695 4600 seopulis
707 4539 792 4599 allidit,
804 4541 821 4590 i.
843 4555 864 4590 e.

102 4611 132 4658 ad
144 4611 300 4672 petulantiam
314 4623 439 4673 progressa
451 4610 556 4672 frangit).

137 4732 236 4821 Saxum
251 4771 329 4822 caval
343 4770 420 4838 gutta
442 4725 563 4823 cadentis
586 4782 662 4838 aquae
681 4766 861 4839 assiduitate,

101 4845 134 4894 ait
144 4844 275 4894 Choenlns.

460 4919 504 4967 10.

131 4993 192 5042 Sunt
202 4991 245 5052 qni
256 4993 380 5043 Tlraletem
394 4996 499 5056 primum
509 4995 603 5044 animas
614 4995 761 5045 immortales
771 4995 862 5046 dixisse

99 5063 204 5114 meant
217 5075 264 5112 :ex
277 5064 366 5126 quibus
377 5068 415 5114 est
426 5065 545 5115 cherilus
554 5069 632 5128 poeta.

918 1839 1003 1916 vulgo
1020 1837 1093 1917 ἄγον.
1112 1842 1156 1900 lle
1168 1843 1264 1902 Xerxe
1279 1857 1396 1922 poetam
1407 1846 1507 1924 loqui,
1521 1852 1572 1926 qui
1584 1867 1681 1929 specta

919 1931 1396 2006 turuseratpugnamSalaminiam
1408 1935 1457 2010 (ex
1482 1937 1681 2014 ligerecino

917 2032 958 2077 cae
972 2015 1073 2075 collee
1088 2017 1206 2095 regione
1218 2020 1381 2094 Salaminis,
1394 2023 1537 2082 Herodot.
1552 2028 1614 2087 Vlll
1622 2072 1630 2099 ,
1641 2029 1680 2103 90)

917 2100 1048 2178 Toupius
1057 2104 1178 2163 Emend.
1189 2107 1220 2164 in
1231 2107 1313 2168 Suirl.
1335 2122 1409 2186 part.
1421 2111 1459 2178 lt,
1474 2112 1538 2168 vol.
1550 2114 1574 2178 Ι,
1591 2134 1620 2192 p.
1634 2116 1680 2190 39t

916 2207 958 2264 sq.
970 2191 1024 2248 0¹.
1034 2204 1168 2252 accurata
1179 2195 1371 2272 explicatione
1380 2197 1477 2256 doceu
1486 2199 1561 2258 illud
1568 2203 1681 2261 animad-

917 2278 1088 2336 vertendum
1102 2281 1280 2340 Buttmanno
1304 2285 1433 2361 reliquit,
1454 2286 1618 2347 Choerilum
1630 2310 1681 2350 esse

915 2362 1121 2442 huncpoctam.
1137 2366 1287 2445 Θυμόιντος
1300 2372 1451 2448 epitheton
1475 2393 1538 2432 non
1560 2390 1622 2433 erat
1633 2396 1682 2438 sot-

915 2450 1111 2513 licitandnma
1123 2456 1193 2513 viris
1205 2457 1298 2516 doctis
1307 2457 1435 2536 (θυόεντος
1445 2463 1682 2539 conjicientibus).

915 2541 1174 2615 Mdoaor,uts0lent
1184 2543 1213 2601 hi
1221 2559 1315 2621 poetar
1323 2548 1413 2606 frusta
1424 2550 1607 2627 colligerede
1617 2573 1684 2610 men

915 2648 946 2686 sa
955 2630 1117 2702 Homerica,
1130 2652 1166 2689 ex
1178 2633 1263 2691 unico
1277 2635 1392 2693 llomeri
1409 2637 1489 2708 loco,
1505 2639 1562 2697 0d.
1573 2641 1609 2708 Θ,
1622 2644 1683 2714 203,

915 2716 1077 2793 desumpsit
1097 2719 1247 2779 Choerilus.
1271 2721 1452 2800 Quamquam
1476 2745 1547 2784 usos
1570 2748 1632 2785 esse
1650 2749 1681 2786 eo

915 2806 1057 2862 vocabulo
1070 2807 1156 2865 etiam
1171 2807 1243 2866 alios
1254 2822 1356 2885 poetas
1374 2811 1475 2888 epicos
1492 2826 1562 2870 ante
1576 2815 1676 2874 Choeri

916 2892 975 2949 lum
991 2890 1145 2969 probabile
1162 2907 1216 2954 est.
1232 2896 1376 2956 Praeterea
1389 2899 1468 2975 quod
1492 2902 1562 2959 olim
1579 2904 1680 2976 monui,

915 2998 997 3036 usum
1012 3000 1074 3038 esse
1084 2981 1240 3040 Choerilum
1251 2986 1383 3043 oratione
1396 2987 1531 3064 figurata,
1545 2989 1602 3047 hoc
1612 3012 1680 3067 qun·

913 3087 971 3143 que
985 3067 1051 3125 loco
1064 3070 1281 3147 comprobatur.
1295 3077 1416 3144 Verum,
1436 3087 1467 3132 ut
1488 3077 1586 3134 dicam
1605 3079 1678 3156 quod

914 3156 1026 3231 sentio,
1050 3157 1105 3213 hoc
1124 3159 1189 3216 loco
1210 3172 1267 3216 tam
1286 3160 1470 3219 vehementer
1491 3165 1615 3240 figurata
1630 3179 1677 3237 est,

915 3244 1083 3302 atmodum
1106 3248 1260 3304 excesserit
1279 3261 1374 3324 poeta.
1394 3250 1466 3307 Nam
1489 3251 1527 3309 de
1550 3253 1605 3311 deo
1628 3254 1678 3312 hoa

915 3331 987 3402 dici,
1002 3333 1091 3403 Jove,
1107 3335 1168 3391 sive
1181 3336 1231 3412 qui
1245 3337 1294 3393 alii
1311 3337 1440 3414 pluviam
1460 3340 1618 3398 immittere
1636 3363 1678 3399 sa·

916 3419 995 3491 lent,
1020 3417 1089 3497 ἄγων
1106 3418 1189 3498 μέγαν
1212 3422 1301 3493 ὑετὸν,
1320 3438 1547 3485 consentaneum
1567 3443 1629 3487 est:
1651 3443 1677 3487 at

915 3526 1042 3582 pugnam
1065 3522 1115 3565 aut
1135 3530 1236 3586 agmen
1259 3511 1332 3570 ὑετὸν
1355 3513 1413 3570 dici
1436 3515 1625 3592 simpliciter,
1649 3517 1674 3574 id

914 3594 1012 3670 paullo
1030 3593 1138 3654 durius.
1157 3602 1258 3675 Neque
1274 3603 1373 3673 plavia
1387 3620 1440 3676 per
1461 3622 1490 3658 se
1509 3605 1577 3660 satis
1592 3618 1673 3683 apta:

914 3693 1063 3758 praestaret
1077 3683 1150 3764 νέρος
1166 3698 1215 3743 aut
1230 3689 1358 3765 χειμῶνα.
1377 3690 1474 3758 Quare
1489 3710 1545 3766 ego
1563 3711 1674 3770 compa-

915 3771 1056 3828 rationem
1068 3771 1171 3830 Xerxis
1190 3794 1256 3831 cum
1278 3776 1376 3853 aliquo
1394 3776 1450 3835 deo
1464 3798 1500 3835 ex
1512 3799 1614 3838 eorum
1626 3802 1674 3837 nu-

914 3878 1004 3929 mero,
1017 3861 1067 3936 qui
1080 3861 1204 3938 pluviam
1216 3864 1335 3935 iaciunt,
1350 3868 1530 3942 praecessisse
1540 3869 1672 3946 conjicio:

914 3946 990 4002 unde
1002 3949 1094 4005 lucem
1106 3949 1239 4026 capiebat
1251 3952 1343 4009 audax
1354 3955 1533 4031 metaphora.
1546 3957 1672 4013 Ceterum

913 4034 949 4090 de
962 4037 1057 4108 variis,
1069 4059 1133 4114 quae
1146 4053 1207 4097 tum
1218 4042 1497 4100 circumferebantur
1513 4046 1543 4101 in
1557 4047 1671 4112 Graecia,

914 4126 1145 4199 narrationibus,
1167 4129 1204 4185 dc
1225 4130 1294 4186 sella
1311 4131 1340 4186 in
1360 4150 1417 4206 qna
1440 4131 1482 4189 ibi
1500 4134 1672 4190 consedisset

1273 4355 1315 4404 ll.

942 4470 1063 4520 clroerilus
1072 4471 1163 4534 lapides
1182 4473 1244 4523 dixit
1254 4494 1267 4517 ιι
1276 4487 1332 4524 ossa
1344 4478 1450 4536 terreo
1464 4481 1489 4526 et
1499 4477 1601 4538 ssaviae,
1611 4480 1670 4525 «ter-

911 4553 1035 4589 ravenas.
1049 4562 1060 4585 l

1269 4671 1312 4720 tu.

941 4780 1080 4843 (cherilus,
1094 4781 1124 4832 de
1139 4783 1231 4832 Xerxe:
1245 4782 1254 4844 )

907 4893 1031 4952 Ulterius
1043 4911 1106 4950 vera
1117 4910 1288 4967 progressus,
1306 4895 1333 4949 in
1348 4911 1457 4950 summo
1472 4898 1575 4954 vertice

907 4975 1007 5046 AEgalei
1022 4973 1116 5046 thymo
1126 4974 1298 5036 abundantis.
1314 4975 1450 5030 adducens
1461 4977 1601 5046 ingentem
1612 4980 1667 5050 plu·

1338 5054 1425 5121 riam,
1440 5056 1527 5110 stetit.
