3564 5640
581 660 1088 798 PRAEFATIO.

745 1062 908 1090 ⁴00.—

227 1450 253 1518 F
254 1469 353 1519 rruro
367 1444 440 1517 hoc
457 1445 654 1535 volumine,
671 1443 773 1542 quod
788 1444 973 1541 epicorum
986 1457 1174 1541 poetarum
1190 1458 1328 1540 septem
1341 1443 1498 1544 comple·

179 1567 287 1639 ctitur
310 1569 468 1639 earmina
485 1582 521 1637 et
538 1566 752 1662 fragmenta,
770 1566 866 1661 faegre
888 1565 970 1636 tulit
991 1562 1254 1637 literatissimus
1271 1581 1397 1637 auctor
1414 1565 1496 1638 Col·

179 1687 362 1777 lectionis,
388 1711 536 1785 prorsus
557 1687 682 1758 abesse
706 1687 856 1756 nomina
876 1686 914 1755 in
936 1684 999 1756 illo
1016 1709 1144 1780 genere
1164 1707 1315 1782 poeseos
1332 1686 1422 1757 olim
1441 1709 1499 1757 ce·

178 1808 427 1900 lebratissima,
435 1809 612 1897 Pisandri,
621 1806 846 1903 Panyasidis,
854 1806 1070 1878 Antimachi.
1084 1810 1250 1892 Quorum
1261 1820 1499 1903 postremum,

179 1932 284 2028 copia
297 1931 531 2028 reliquiarum
553 1929 635 2001 illos
653 1927 760 2023 longe
777 1941 1025 2025 superantem,
1042 1951 1157 2025 quum
1178 1942 1262 2000 ante
1279 1927 1498 2001 decennium

179 2049 252 2121 fere
286 2052 487 2122 accuratius
523 2063 692 2120 tractasse
723 2046 815 2117 mihi
839 2044 992 2152 viderer,
1023 2048 1111 2119 Viro
1133 2049 1275 2145 egregio
1300 2050 1418 2120 mein
1440 2049 1499 2122 his
1521 2091 1523 2096 ·

179 2169 385 2264 fragmentis
414 2170 546 2267 partim
569 2166 801 2263 colligendis,
825 2169 957 2265 partim
981 2167 1155 2264 augendis
1191 2183 1228 2241 et
1261 2169 1499 2242 retractandis

179 2315 326 2389 operam
344 2292 549 2388 positurum
568 2289 777 2384 significavi.
795 2287 903 2374 Quod
918 2290 1087 2386 praestiti,
1111 2304 1153 2361 ut
1172 2291 1296 2387 potui,
1312 2292 1390 2364 otio
1411 2316 1500 2364 usus

179 2410 412 2485 vehementer
429 2413 721 2509 circumscripto,
741 2434 816 2482 non
837 2411 887 2482 ita
905 2425 1023 2483 tamen
1042 2424 1211 2507 angusto,
1236 2426 1275 2484 ut
1295 2411 1384 2485 hine
1408 2414 1500 2485 mihi

179 2535 295 2631 possit
308 2535 528 2606 omissorum
541 2532 827 2605 admissorumve
842 2532 1039 2629 impunitas
1052 2556 1140 2604 esse.
1155 2518 1201 2605 'Et
1215 2534 1343 2605 eximie
1358 2533 1501 2632 adjura·

179 2655 246 2727 bar
269 2655 430 2726 virorum
451 2655 591 2750 aliquot
614 2652 995 2751 praestantissimorum
1012 2652 1173 2751 scriptis,
1190 2654 1230 2724 in
1253 2655 1381 2751 primis
1405 2654 1501 2727 Wei-

180 2776 277 2849 cleri
291 2791 329 2849 et
343 2780 388 2849 0.
405 2777 562 2867 mulleri,
576 2801 658 2874 quac
671 2777 746 2848 suis
762 2798 915 2873 quaeque
927 2775 1016 2847 locis
1030 2774 1257 2847 indicantum
1268 2799 1351 2847 nam
1363 2775 1410 2849 ab
1421 2777 1501 2848 aliis

181 2919 421 2997 quascumque
441 2897 599 2995 sumpsi,
616 2921 659 2970 ea
673 2897 842 2994 leguntur
862 2920 948 2968 cum
968 2895 1181 2968 nominibus
1202 2896 1378 2993 ipsorum.
1406 2896 1502 2969 oha-

181 3019 242 3089 rita·
257 3042 404 3116 quoque
431 3017 645 3115 fragmenta,
664 3015 714 3089 ob
743 3016 1040 3106 continuitatem,
1069 3017 1108 3088 in
1132 3016 1231 3089 illam
1256 3017 1385 3088 seriem
1412 3017 1501 3090 reci·

180 3137 314 3235 pienda
337 3162 415 3211 esse
433 3137 538 3229 duxi,
558 3153 595 3211 et
609 3141 692 3210 Asia·
708 3136 881 3235 pauculas
891 3137 1058 3235 reliquias
1085 3136 1363 3234 praemittendas.

229 3263 353 3347 Quum
371 3283 451 3332 eam
470 3274 610 3357 partem
631 3259 786 3355 negotii,
804 3281 885 3355 quae
904 3257 1156 3331 molestissima
1173 3271 1264 3348 erat,
1286 3259 1501 3356 peregissem

143 3366 146 3371 ’
183 3394 220 3453 et
230 3380 393 3453 Pisandri
406 3380 686 3479 Panyasidisque
705 3381 903 3476 fragmenta
913 3379 1142 3450 corrasissem
1157 3378 1433 3475 undecumque,
1453 3378 1502 3451 as·
1618 3452 1622 3461 ,

184 3501 296 3575 fertur
310 3502 401 3574 mihi
418 3505 461 3574 Η.
480 3503 654 3575 Duntzeri
667 3500 770 3593 liber,
773 3501 985 3601 fragmenta
1005 3504 1116 3599 θρίω
1130 3527 1283 3599 poeseos
1301 3507 1503 3574 Groeeorum

184 3622 236 3695 ad
243 3639 400 3721 tempora
418 3648 527 3722 usque
547 3622 746 3694 Alexandri
760 3628 808 3694 M.
832 3622 1075 3719 complectens
1098 3621 1293 3719 (Coloniae,
1319 3621 1436 3718 1840).
1452 3624 1503 3692 Ex

184 3768 259 3841 quo
275 3742 386 3818 didici
402 3744 448 3819 de
460 3743 667 3841 Panyasidis
678 3745 749 3821 viu
764 3758 801 3815 et
818 3744 919 3842 poesi
928 3743 1113 3841 scripsisse
1126 3741 1219 3815 duos
1232 3743 1329 3815 viros
1339 3743 1502 3838 juvenes,

184 3863 458 3937 Trschimerum
479 3880 516 3936 et
539 3865 767 3955 Funckeum,
792 3879 963 3962 praeterea
987 3864 1233 3936 Eclrsteinium
1251 3865 1290 3940 iu
1308 3865 1446 3938 Erschii
1468 3880 1505 3938 et

187 3986 342 4060 Gruberi
369 3987 651 4086 Encyclopoedia.
674 3991 748 4059 Hac
773 3987 882 4084 igitur
905 3988 1026 4059 statim
1050 3987 1225 4085 inspecta,
1256 3989 1398 4084 gavisus
1422 4014 1504 4061 sum

187 4109 432 4182 Eclsteinium
450 4109 524 4205 jam
546 4111 585 4181 in
617 4134 726 4182 usum
756 4110 976 4183 convertisse
1009 4109 1070 4181 illa
1104 4110 1235 4207 scripta
1266 4109 1505 4206 (Taschirneri

188 4231 232 4303 de
252 4229 464 4328 Panyasida'r
487 4231 759 4303 Halicamassei
775 4245 893 4328 poetae
915 4233 994 4302 vita
1018 4248 1056 4302 et
1073 4231 1302 4319 carmim'bus,
1319 4232 1503 4304 Vratislav.

194 4353 306 4444 1836;
318 4351 529 4427 Funekeide
539 4358 629 4426 Para
639 4353 964 4424 Halicamassensis
972 4355 1051 4424 vita
1058 4367 1095 4424 et
1100 4356 1215 4451 poesi,
1227 4357 1373 4445 Bonnae,
1388 4351 1505 4450 1837),

190 4502 271 4576 quae
288 4479 327 4548 in
346 4476 405 4548 his
418 4476 626 4574 regionibus
643 4475 772 4547 frustra
789 4475 1051 4572 quesivissem3
1070 4490 1107 4547 et
1123 4475 1197 4547 ridi
1214 4500 1272 4547 me
1289 4477 1328 4547 in
1346 4477 1409 4566 iis,
1426 4499 1506 4573 quae

188 4601 263 4696 jam
278 4601 372 4696 typis
390 4623 555 4698 expressa
573 4596 757 4687 tenebam,
773 4596 866 4670 nihil
883 4599 1068 4696 scripsisse
1083 4596 1184 4696 quod
1203 4597 1275 4671 hoc
1296 4600 1378 4671 loco
1398 4616 1507 4672 retra·

192 4721 366 4796 ctandum
382 4737 491 4811 esset;
529 4721 593 4794 sed
617 4723 814 4796 lectoribus
842 4722 1138 4796 commendamus
1156 4739 1356 4796 accuratam
1377 4724 1506 4797 disser-

193 4845 368 4915 tationem
389 4843 611 4934 Ecksteinii,
649 4842 929 4943 Encyclopaediae
955 4865 1045 4916 voce
1080 4849 1269 4940 Panyasis,
1299 4870 1335 4944 p.
1362 4846 1506 4937 '8-14',

194 4963 233 5035 id
262 4961 383 5035 solum
416 4976 651 5056 annotantes,
673 4965 752 5036 viro
787 4963 898 5038 docto
928 4978 1054 5040 natum
1090 4965 1204 5039 videri
1229 4981 1374 5064 poetam
1411 4966 1505 5040 circa
