3564 5640
666 983 1215 1120 FRAGMENTA.

844 1261 1049 1293 ⁴0*—

198 1436 394 1506 Antimachus,
412 1433 560 1511 llyparchi
581 1433 655 1491 filius
670 1432 838 1511 (secundnm
853 1431 923 1490 Sui·
971 1427 1097 1486 minibus
1107 1428 1221 1504 inclytis
1233 1436 1383 1505 magistros
1395 1441 1540 1504 quaerunt
1562 1430 1693 1508 inclytos,
1707 1447 1729 1490 ει

158 1525 282 1603 dam),a
306 1524 437 1602 plurimis
459 1521 667 1598 Colophonius,
691 1519 926 1578 sedaCiceroue
970 1515 1031 1572 sine
1055 1516 1191 1592 inagistro
1223 1535 1284 1572 esse
1309 1515 1356 1571 rix
1387 1514 1482 1572 ullum
1516 1519 1677 1594 patiuntur.
1697 1521 1730 1579 lta
1763 1552 1775 1579 Δ.

158 1613 260 1690 (Bruto
270 1630 294 1667 c.
312 1610 360 1686 51)
380 1623 407 1665 et
429 1607 533 1666 Ovidio
546 1608 645 1684 (Trist.
669 1608 691 1676 l,
710 1608 738 1673 6,
764 1607 792 1682 ι)
817 1608 925 1660 Clarius
970 1621 1178 1680 nonnunquam
1197 1604 1302 1660 factum
1318 1614 1370 1670 est,
1383 1615 1417 1660 ut
1432 1606 1594 1681 magistros
1615 1618 1645 1663 et
1662 1606 1732 1666 disci*

154 1713 243 1775 poeta
261 1696 432 1774 appellatur.
460 1695 533 1751 lliuc
552 1693 619 1770 jure
648 1706 773 1751 statuere
792 1693 926 1749 videntur
970 1691 1054 1766 pulos
1074 1690 1198 1751 dixerint
1223 1710 1282 1762 eos,
1307 1691 1383 1749 inter
1404 1711 1483 1768 quos
1508 1693 1584 1750 illud
1608 1693 1731 1752 doctrine

157 1786 234 1845 Clari
258 1797 372 1854 narnus,
396 1782 496 1858 patriae
522 1801 626 1837 noiueu
649 1780 763 1837 duxisse
788 1798 806 1836 a
831 1780 925 1836 vicina
969 1779 1172 1835 commercium
1192 1778 1277 1835 fuisse
1300 1779 1347 1835 vel
1369 1798 1429 1835 non
1454 1777 1618 1855 probabile
1631 1781 1730 1854 est,rel

158 1870 230 1929 urbe
244 1867 393 1937 nobiliore,
404 1868 432 1923 iu
446 1865 761 1941 qoahnbitassecumet
774 1867 924 1923 maximam
969 1885 1031 1922 esse
1045 1885 1102 1922 uon
1120 1866 1247 1941 potuisse
1267 1863 1460 1922 demonstrari
1483 1878 1595 1942 potest.
1606 1895 1619 1919 ι
1638 1870 1732 1944 Panya-

158 1959 249 2016 aeiatis
263 1969 373 2034 partem
383 1955 493 2031 degisse
505 1973 541 2010 ex
555 1955 617 2011 aliis
632 1955 799 2011 testimoniis
812 1955 843 2010 su
859 1974 925 2031 pro
969 1955 1013 2010 sin
1029 1954 1058 2010 in
1074 1955 1199 2031 autiquae
1216 1973 1335 2030 poeseos
1346 1953 1437 2030 epicae
1449 1955 1621 2014 imitatione
1633 1956 1733 2032 excepit

158 2045 386 2122 babitenstque
400 2044 849 2122 ideni,inquitSchellenbergius‚
860 2064 926 2103 con·
969 2040 1177 2099 Antimachus:
1192 2060 1257 2097 narn
1278 2040 1447 2111 Choerilniu‚
1471 2055 1507 2098 ut
1532 2043 1671 2114 vidimus,
1685 2062 1731 2100 non

159 2136 254 2211 tigisse
270 2135 387 2192 videtur
401 2133 553 2202 llicondro,
569 2153 653 2209 quem
671 2135 768 2211 plures
779 2134 925 2210 Colopho·
968 2128 1162 2205 agnoscebant
1176 2128 1562 2205 grammaticistesiiubroti
1578 2132 1675 2190 studia
1686 2133 1732 2190 llo·

158 2222 238 2278 nium
257 2232 369 2289 vocant,
388 2221 519 2295 quamvis
531 2223 591 2297 ipse
607 2222 636 2277 in
648 2223 703 2278 line
716 2222 924 2279 Theriacorum
968 2221 1074 2277 merica
1089 2221 1130 2294 (v.
1147 2219 1232 2276 Wolf.
1248 2219 1361 2295 Proleg.
1379 2219 1408 2276 in
1423 2222 1512 2279 iiom.
1540 2242 1570 2298 p.
1592 2230 1690 2294 cun)
1711 2231 1733 2288 it

159 2306 264 2388 Κλάρον
272 2307 409 2386 aspiceres
430 2307 556 2384 πολίχνην
580 2310 700 2384 patriam
715 2328 794 2365 snam
810 2328 924 2365 nuncn—
968 2327 1067 2365 caussa
1080 2308 1167 2366 fuisse
1177 2307 1322 2376 videntur,
1336 2318 1367 2364 nt
1381 2308 1562 2366 Antimacho
1571 2309 1731 2367 darentnn·

158 2398 280 2473 paverit.
293 2395 376 2466 Quod
400 2394 515 2470 quidem
529 2416 563 2451 eo
574 2397 758 2454 verisimilius
770 2410 821 2463 est,
834 2414 922 2472 quum
965 2397 1097 2471 gistrum.

159 2485 447 2564 Apollinisoppiclum
460 2485 705 2562 Colophoniorum
718 2486 819 2543 ditioni
831 2484 924 2562 snby'e-
1008 2482 1052 2540 De
1072 2483 1132 2539 vita
1151 2479 1365 2540 Antimacbiex
1378 2494 1451 2540 teste
1473 2495 1572 2555 certo,
1597 2484 1630 2541 in
1651 2487 1732 2554 Lydes

157 2585 234 2629 ctum
251 2573 346 2639 fucrit,
361 2572 590 2647 undedeusipse
610 2592 815 2649 nonuunquam
837 2573 923 2629 Colo·
968 2568 1130 2645 fragmentis
1152 2569 1300 2646 ponendo,
1317 2568 1478 2625 hocsolum
1491 2569 1662 2641 didicimus,
1676 2590 1733 2646 poe

157 2656 282 2732 pitonius
291 2659 404 2716 dicitur.
414 2660 447 2716 V.
458 2660 611 2736 Spauhem.
624 2659 659 2716 ad
672 2659 838 2719 Callimachi
846 2660 881 2718 ii.
892 2660 922 2717 in
969 2667 1024 2712 tam
1039 2655 1130 2731 Lydes
1147 2656 1207 2714 sive
1220 2657 1319 2714 amicae
1337 2657 1398 2713 sire
1410 2656 1512 2713 uxoris
1526 2677 1629 2715 amore
1644 2677 1734 2715 corre·

159 2745 252 2821 Apoll.
272 2765 298 2801 ν.
318 2767 386 2816 70.»
968 2750 1063 2808 pauiu,
1074 2738 1102 2795 in
1113 2741 1244 2818 Lydiam,
1257 2748 1363 2801 Sardes
1377 2755 1409 2800 ut
1431 2743 1562 2815 videtur,
1585 2766 1618 2804 se
1637 2759 1732 2803 oontn·

197 2831 324 2903 Tempus
347 2852 406 2908 quo
431 2832 505 2890 vixit
528 2853 615 2911 quum
637 2832 685 2890 alii
708 2832 848 2910 produnt,
861 2844 921 2891 tum
966 2830 1734 2908 lisse;‹yriamoriuarediisseColophonemetelepiacis

158 2919 351 2994 Apollodorus
363 2919 441 2996 apud
453 2921 615 2978 Diodorum
629 2921 706 2994 Xlll,
727 2922 792 2989 108,
806 2932 921 2978 narrato
966 2915 1141 2973 carminibus
1153 2915 1311 2974 scribendis
1335 2917 1467 2976 dolorem
1494 2920 1642 2978 fefellisse.
1658 2922 1730 2980 Pras·

157 3004 212 3060 fine
229 3005 295 3061 lielli
312 3007 546 3082 Peloponnesiaci
567 3009 622 3066 hoc
640 3008 726 3065 modo
739 3020 921 3084 pergentem:
966 3016 1043 3060 terea
1092 3004 1261 3061 Plutarchus
1295 3005 1325 3060 iu
1352 3007 1417 3064 Vita
1447 3007 1594 3082 Lysandri
1629 3010 1664 3084 (c.
1694 3007 1734 3083 ιδ)

60 3156 63 3161 ⁴
157 3088 258 3167 Μικρὸν
273 3090 298 3146 δὲ
318 3095 363 3160 τῆς
379 3091 481 3170 εἰρήνης
499 3093 604 3168 ὕστερον
623 3094 773 3164 ἐτελεύτησε
786 3099 894 3172 Δαρεῖος
908 3097 922 3150 ὁ
967 3091 1027 3147 haec
1043 3104 1159 3148 narrat:
1176 3091 1332 3170 Ἀντιμάχου
1346 3098 1391 3149 τοῦ
1404 3095 1578 3173 Κολοφωνίου
1590 3095 1636 3152 καί
1653 3097 1732 3165 Ninn-

157 3522 267 3580 floruit
280 3525 366 3598 igitur
383 3528 457 3582 circa
480 3547 585 3584 aunum
610 3531 667 3596 405
689 3549 713 3584 a.
725 3530 791 3585 Chr.
819 3532 921 3587 suidas
970 3529 1107 3605 θαυμάζων
1127 3527 1171 3586 τὸν
1194 3528 1350 3607 Ἀντίμαχον
1368 3531 1457 3609 inira]
1477 3536 1620 3609 ποιητικῇ,
1639 3537 1731 3612 hapso<

157 3176 302 3243 τῆςἈοίας
329 3180 448 3254 βασιλεύς
518 3180 565 3250 τὴν
591 3183 614 3237 δ’
638 3183 778 3257 ἡγεμονίαν
795 3179 922 3246 διεδέξατο
942 3158 946 3230 i
967 3178 1045 3257 ροίτου
1069 3178 1137 3243 τινος
1159 3177 1342 3255 Ἡρακλεώτου
1364 3180 1495 3255 ποιήμασι
1520 3181 1675 3262 Αυοᾶνδρια
1698 3184 1732 3256 (in

88 3324 94 3337 .
156 3263 208 3317 τῶν
230 3263 506 3343 υίῶνὸπρεοὸύτερος
526 3267 689 3346 Ἀρταξέρξης
712 3271 868 3341 illumino)
966 3265 1061 3341 Sarno)
1075 3264 1302 3342 διαγωνισαμένων
1315 3266 1610 3347 ἐπάὗτῷ([,γεειηιίιό
1619 3270 1732 3345 judice),

157 3345 185 3405 ὃν
198 3345 229 3417 δὴ
245 3347 337 3426 χρόνον
356 3349 399 3405 καλ
413 3349 566 3429 Ἀντίμαχον
579 3353 622 3409 τὸν
632 3354 743 3423 ποιητὴν
756 3353 920 3412 Ἀτυλλόδον-
967 3352 1010 3410 τὸν
1027 3355 1175 3432 Νικήρατον
1198 3353 1388 3433 ἐστεφάνωσεν·
1405 3358 1418 3411 ὁ
1433 3353 1460 3411 δέ
1479 3355 1640 3434 Ἀντίμαχος
1658 3359 1731 3435 ἀχθε-

157 3457 198 3514 poe
220 3439 234 3492 ὁ
260 3435 391 3505 Ἀθηναῖος
414 3438 454 3512 (in
477 3440 640 3516 Chronicis)
670 3441 748 3519 φησὶν
773 3441 920 3511 ἠνθηνιένοιι.
967 3440 1034 3505 σθεὶς
1044 3440 1154 3519 ἠφάνισε
1167 3439 1197 3497 τὸ
1213 3440 1329 3520 ποίημα..
1341 3441 1454 3501 Πλάτων
1465 3441 1492 3499 δέ
1502 3441 1607 3508 νέοςῶν
1623 3445 1683 3502 τότε
1696 3443 1732 3501 καὶ

1696 3534 1703 3552 ,

156 3610 227 3666 nihil
241 3612 310 3666 certi
324 3611 359 3668 cle
376 3615 545 3670 Antimacho
558 3630 723 3672 annotatum
737 3617 854 3682 invenit,
872 3620 920 3693 qni
966 3614 1078 3697 φέροντα
1106 3613 1153 3686 τὴν
1171 3607 1253 3685 ἧτταν
1274 3615 1453 3692 ἀνελοίμὸανεν
1474 3618 1520 3676 nai
1540 3626 1731 3699 παρεμυθεῖτο,

156 3698 316 3773 scripserit:
330 3698 398 3759 Ἀντ.
411 3744 450 3773 ...,
464 3702 645 3781 γραμματικὲς
656 3703 699 3762 καὶ
714 3703 831 3774 ποιητής.
845 3704 921 3771 Τινὲς
965 3711 1017 3767 τοῖς
1028 3705 1149 3778 ἀγνοοῦσι
1162 3701 1241 3761 νιαιιὸν
1254 3694 1381 3774 εἶναιτὴν
1394 3703 1510 3780 ἄγνοιαν,
1525 3709 1561 3772 ὡς
1574 3705 1623 3777 τὴν
1638 3707 1730 3787 τυφλό-

157 3781 240 3840 δὲκαὶ
253 3785 356 3854 οἰκέτην
367 3787 444 3845 αὐτὸν
459 3790 605 3871 ἀνέγραψαν
620 3789 780 3857 ΙΙανυοίσιδος
791 3798 834 3850 τοῦ
846 3814 920 3863 ποιη-
964 3812 1031 3859 τητοι
1039 3798 1092 3853 τοῖς
1104 3788 1140 3865 μὴ
1154 3789 1301 3867 βλέπουσιν.
1315 3792 1349 3848 Et
1361 3793 1438 3868 apud
1452 3794 1637 3867 Ciceronem,
1648 3797 1729 3853 Bruto

156 3877 212 3939 τοῦ,
229 3870 298 3928 πάνυ
320 3874 485 3953 ψευσάμενοι.
503 3867 555 3935 Ἦν
572 3875 623 3957 γὰρ
639 3880 717 3935 αὐτοῦ
734 3878 862 3948 ἀκουστὴς
875 3878 920 3937 καὶ
965 3896 988 3932 c.
1005 3879 1077 3952 51,§
1094 3898 1160 3951 191:
1175 3881 1234 3933 Nec
1244 3886 1318 3933 enim
1329 3893 1425 3952 posset
1438 3884 1512 3935 idem
1532 3885 1730 3938 Demosthenes

156 3959 365 4039 Στησιμὸρότου.
380 3963 473 4040 Γέγονε
486 3964 512 4021 δὲ
526 3965 576 4045 πρὸ
595 3966 740 4030 Πλάτωνος.
764 3969 796 4025 ln
815 3967 920 4043 quibus
965 3968 1065 4035 dicere,
1083 3969 1160 4039 qrrod
1172 3969 1283 4021 didisse
1296 3968 1509 4037 Antimachum,
1532 3970 1659 4025 Clarium
1667 3990 1730 4044 poe·

156 4046 285 4103 mirabile
308 4064 349 4105 cst
370 4053 571 4110 Antimachum
596 4054 763 4129 Panyasidis
785 4055 867 4111 simul
892 4068 919 4112 et
965 4054 1166 4123 Μαλθακη
1182 4057 1232 4128 qui
1252 4077 1350 4130 quum,
1368 4060 1533 4113 convocatis
1545 4063 1726 4126 auditoribus,

157 4133 338 4191 Stesinibroti
351 4137 509 4195 uirilitorem
521 4142 617 4197 vocari
634 4163 639 4195 ι
655 4162 778 4217 quorum
792 4144 872 4209 alter,
889 4157 920 4198 ut
965 4144 1270 4215 Iegercrcr'smognaoi
1287 4145 1361 4197 illud
1388 4148 1465 4218 quod
1474 4148 1591 4201 novistis
1604 4150 1727 4202 volumen

156 4236 241 4293 supra
265 4221 384 4292 (lictum,
397 4243 473 4280 auito
487 4227 541 4295 457
558 4228 784 4284 exstinctusesse
796 4229 919 4302 videtur,
963 4243 1095 4295 schumet
1110 4249 1172 4284 eum
1187 4232 1324 4304 legentem
1338 4250 1435 4286 omnes
1450 4245 1566 4305 praeter
1585 4236 1726 4289 Platonem

155 4304 229 4360 alter
244 4306 345 4365 Pericli
363 4322 507 4385 superstes
528 4325 598 4381 crat,
613 4314 634 4368 si
645 4332 774 4388 premere
788 4317 919 4372 volumus
966 4317 1161 4388 reliqnisrcnt,
1190 4320 1339 4390 «Legum,
1365 4321 1470 4393 inquit,
1503 4322 1595 4376 nihilo
1624 4326 1727 4376 minus:

155 4389 243 4447 verba
258 4395 384 4451 Atheuaei
399 4398 472 4465 Xlll,
487 4416 513 4471 p.
527 4398 592 4471 589,
606 4399 637 4455 E.
654 4399 709 4455 Sed
724 4403 919 4476 «griirnnnitici
966 4405 1049 4457 Pinio
1069 4405 1145 4457 enim
1170 4406 1244 4459 mihi
1264 4425 1337 4461 unns
1362 4418 1405 4460 cst
1431 4408 1557 4461 omnium
1583 4412 1726 4464 millium.»

157 4475 201 4552 (ut
214 4480 304 4538 Naelii
316 4482 411 4540 verbis
427 4497 491 4540 utar
512 4485 547 4541 de
564 4487 689 4543 Choerilo
702 4507 728 4564 p.
746 4509 779 4543 nr
795 4488 848 4565 sq.)
867 4488 920 4545 ho·
966 4488 1076 4559 Quibus
1103 4492 1197 4547 statim
1218 4490 1402 4568 subjiciamus
1428 4492 1464 4550 de
1485 4495 1591 4553 eodem
1615 4498 1726 4555 Platone

155 4616 205 4629 —

184 4694 281 4742 suidas
294 4710 299 4742 :
313 4699 480 4756 Antimachus,
490 4702 661 4761 grammaticus
670 4706 694 4751 et
705 4706 783 4764 poeta.
798 4705 859 4752 suut
870 4704 913 4765 qni
967 4703 1013 4751 bns
1025 4707 1158 4761 certarent,
1177 4707 1314 4768 Lysander,
1330 4709 1405 4771 judex
1418 4711 1576 4771 certaminis,
1594 4714 1725 4764 Niceratum

154 4773 252 4808 servum
266 4763 341 4811 inisse
353 4767 479 4815 retulerint
495 4769 635 4829 Panyasiilis
648 4776 738 4831 poetar,
754 4772 797 4820 sed
815 4785 914 4833 prorsus
963 4777 1096 4823 coronavit.
1110 4778 1180 4833 Quod
1194 4782 1243 4826 tam
1255 4792 1318 4840 nigre
1332 4780 1387 4827 tulit
1401 4781 1578 4842 Antimachus,
1596 4788 1623 4832 nt
1634 4799 1726 4834 carmen

154 4828 248 4877 fallunt.
262 4834 320 4880 Erat
331 4835 395 4882 enim
406 4837 502 4885 auditor
516 4839 582 4900 ejus,
594 4839 703 4888 similiter
715 4853 743 4888 ac
753 4841 913 4890 Stesimbroti.
964 4857 1036 4893 suum
1049 4844 1161 4895 aboleret.
1174 4847 1242 4895 Plato
1252 4853 1346 4907 auteur,
1360 4849 1400 4896 illo
1412 4854 1520 4912 tempore
1530 4853 1646 4914 juvenis,
1658 4855 1726 4904 admi·

154 4899 222 4946 vixit
233 4905 289 4949 aute
300 4903 431 4953 Platonem.
964 4916 1161 4964 rausAutimaciii
1170 4918 1306 4966 laenitatem
1314 4919 1440 4980 poeticam,
1450 4920 1726 4987 solobatnrpoetam,qui

186 4969 323 5020 Plutarch.
344 4978 401 5035 Lps.
418 4989 424 5021 :
442 4978 523 5029 Quum
537 4978 695 5027 Antimachus
718 4980 881 5042 colophonius
892 4983 917 5029 et
963 4996 989 5031 sc
999 4989 1136 5045 superatum
1147 4986 1250 5047 dolebat,
1262 4992 1286 5036 et
1296 4989 1342 5036 lioc
1353 4988 1417 5036 dicto
1430 4991 1521 5049 erexit,
1534 4991 1629 5042 inscitia
1640 4995 1725 5043 malum

153 5037 278 5088 Niceratus
291 5043 388 5102 qnidam
401 5046 541 5095 Heracleote
555 5050 581 5096 in
599 5050 719 5109 Lysandri
731 5050 793 5099 festo
806 5051 915 5100 carmini·
964 5064 1018 5102 esse
1028 5052 1105 5115 ipsam
1118 5055 1246 5118 inscitiam,
1258 5060 1286 5106 ut
1295 5058 1429 5108 caecitatem
1440 5059 1472 5108 iis
1481 5060 1525 5122 qui
1534 5074 1585 5111 non
1597 5061 1687 5112 rident.
