<?xml version="1.0" encoding="UTF-8"?>
<!DOCTYPE html PUBLIC "-//W3C//DTD XHTML 1.0 Transitional//EN"
    "http://www.w3.org/TR/xhtml1/DTD/xhtml1-transitional.dtd">
<html xmlns="http://www.w3.org/1999/xhtml" xml:lang="en" lang="en">
 <head>
  <title>
</title>
<meta http-equiv="Content-Type" content="text/html;charset=utf-8" />
  <meta name='ocr-system' content='tesseract 3.04.00' />
  <meta name='ocr-capabilities' content='ocr_page ocr_carea ocr_par ocr_line ocrx_word'/>
</head>
<body>
  <div class='ocr_page' id='page_1' title='image "./hesiodicarminaa00lehrgoog_0609.png"; bbox 0 0 3564 5640; ppageno 0'>
   <div class='ocr_carea' id='block_1_1' title="bbox 100 242 1113 322">
    <p class='ocr_par' dir='ltr' id='par_1_1' title="bbox 100 242 1113 322">
     <span class='ocr_line' id='line_1_1' title="bbox 100 242 1113 322; baseline -0.024 0"><span class='ocrx_word' id='word_1_1' title='bbox 100 274 118 322; x_wconf 84' lang='grc'><strong>4</strong></span> <span class='ocrx_word' id='word_1_2' title='bbox 638 246 715 308; x_wconf 76' lang='lat' dir='ltr'><strong>ast}</strong></span> <span class='ocrx_word' id='word_1_3' title='bbox 738 246 844 307; x_wconf 87' lang='lat' dir='ltr'><strong>Sllhlll</strong></span> <span class='ocrx_word' id='word_1_4' title='bbox 865 242 1113 306; x_wconf 75' lang='lat' dir='ltr'><strong>FRAGMENTA.</strong></span> 
     </span>
    </p>
   </div>
   <div class='ocr_carea' id='block_1_2' title="bbox 98 370 1641 467">
    <p class='ocr_par' dir='ltr' id='par_1_2' title="bbox 98 370 1641 467">
     <span class='ocr_line' id='line_1_2' title="bbox 98 370 1641 467; baseline -0.01 -20"><span class='ocrx_word' id='word_1_5' title='bbox 98 410 141 465; x_wconf 79' lang='lat' dir='ltr'><strong>ee,</strong></span> <span class='ocrx_word' id='word_1_6' title='bbox 161 386 242 467; x_wconf 85' lang='lat' dir='ltr'><strong>quod</strong></span> <span class='ocrx_word' id='word_1_7' title='bbox 252 386 337 443; x_wconf 83' lang='lat' dir='ltr'><strong>almis</strong></span> <span class='ocrx_word' id='word_1_8' title='bbox 350 402 424 461; x_wconf 81' lang='lat' dir='ltr'><strong>saepe</strong></span> <span class='ocrx_word' id='word_1_9' title='bbox 436 382 551 439; x_wconf 75' lang='lat' dir='ltr'><strong>farctum.</strong></span> <span class='ocrx_word' id='word_1_10' title='bbox 564 378 730 437; x_wconf 83' lang='lat' dir='ltr'><strong>Dindorlias</strong></span> <span class='ocrx_word' id='word_1_11' title='bbox 741 377 857 434; x_wconf 84' lang='lat' dir='ltr'><strong>maluit:</strong></span> <span class='ocrx_word' id='word_1_12' title='bbox 903 374 1094 433; x_wconf 70' lang='lat' dir='ltr'><strong>charioribus</strong></span> <span class='ocrx_word' id='word_1_13' title='bbox 1104 374 1264 449; x_wconf 85' lang='lat' dir='ltr'><strong>decerpto.</strong></span> <span class='ocrx_word' id='word_1_14' title='bbox 1280 372 1318 433; x_wconf 89' lang='lat' dir='ltr'><strong>ln</strong></span> <span class='ocrx_word' id='word_1_15' title='bbox 1332 391 1404 449; x_wconf 91' lang='lat' dir='ltr'><strong>quo</strong></span> <span class='ocrx_word' id='word_1_16' title='bbox 1416 370 1488 429; x_wconf 90' lang='lat' dir='ltr'><strong>illud</strong></span> <span class='ocrx_word' id='word_1_17' title='bbox 1499 371 1641 431; x_wconf 73' lang='lat' dir='ltr'><strong>meritoiatn</strong></span> 
     </span>
    </p>
   </div>
   <div class='ocr_carea' id='block_1_3' title="bbox 99 465 862 1196">
    <p class='ocr_par' dir='ltr' id='par_1_3' title="bbox 99 465 862 987">
     <span class='ocr_line' id='line_1_3' title="bbox 142 465 858 547; baseline -0.024 -11.997"><span class='ocrx_word' id='word_1_18' title='bbox 142 467 210 547; x_wconf 72' lang='grc' dir='ltr'>ἦσαν</span> <span class='ocrx_word' id='word_1_19' title='bbox 223 474 256 505; x_wconf 80' lang='lat'><strong>¹*</strong></span> <span class='ocrx_word' id='word_1_20' title='bbox 267 473 280 497; x_wconf 85' lang='lat'><em>*</em></span> <span class='ocrx_word' id='word_1_21' title='bbox 292 494 348 541; x_wconf 83' lang='grc' dir='ltr'>τις,</span> <span class='ocrx_word' id='word_1_22' title='bbox 373 490 449 546; x_wconf 90' lang='lat' dir='ltr'><strong>quan</strong></span> <span class='ocrx_word' id='word_1_23' title='bbox 473 487 539 525; x_wconf 83' lang='lat' dir='ltr'><strong>nam</strong></span> <span class='ocrx_word' id='word_1_24' title='bbox 565 466 696 524; x_wconf 89' lang='lat' dir='ltr'><strong>criticum</strong></span> <span class='ocrx_word' id='word_1_25' title='bbox 713 465 858 540; x_wconf 88' lang='lat' dir='ltr'><strong>egregium</strong></span> 
     </span>
     <span class='ocr_line' id='line_1_4' title="bbox 99 490 860 634; baseline -0.018 -14"><span class='ocrx_word' id='word_1_26' title='bbox 99 564 157 620; x_wconf 90' lang='lat' dir='ltr'><strong>hoe</strong></span> <span class='ocrx_word' id='word_1_27' title='bbox 178 558 336 619; x_wconf 77' lang='lat' dir='ltr'>concedere</span> <span class='ocrx_word' id='word_1_28' title='bbox 362 490 541 634; x_wconf 40' lang='grc' dir='ltr'><strong>ψηφίδων,</strong></span> <span class='ocrx_word' id='word_1_29' title='bbox 566 565 661 609; x_wconf 86' lang='lat' dir='ltr'><strong>utres</strong></span> <span class='ocrx_word' id='word_1_30' title='bbox 682 571 760 608; x_wconf 83' lang='lat' dir='ltr'><strong>nriiic</strong></span> <span class='ocrx_word' id='word_1_31' title='bbox 784 561 860 619; x_wconf 89' lang='lat' dir='ltr'><strong>sunt,</strong></span> 
     </span>
     <span class='ocr_line' id='line_1_5' title="bbox 100 639 860 713; baseline -0.018 -7"><span class='ocrx_word' id='word_1_32' title='bbox 100 649 185 706; x_wconf 89' lang='lat' dir='ltr'><strong>valde</strong></span> <span class='ocrx_word' id='word_1_33' title='bbox 209 650 346 705; x_wconf 89' lang='lat' dir='ltr'><strong>incertum</strong></span> <span class='ocrx_word' id='word_1_34' title='bbox 371 664 442 713; x_wconf 90' lang='lat' dir='ltr'><strong>esse,</strong></span> <span class='ocrx_word' id='word_1_35' title='bbox 465 656 531 699; x_wconf 84' lang='lat' dir='ltr'><strong>mue</strong></span> <span class='ocrx_word' id='word_1_36' title='bbox 548 663 590 705; x_wconf 85' lang='grc' dir='ltr'><strong>τις</strong></span> <span class='ocrx_word' id='word_1_37' title='bbox 611 654 706 697; x_wconf 90' lang='lat' dir='ltr'><strong>autem</strong></span> <span class='ocrx_word' id='word_1_38' title='bbox 729 639 860 695; x_wconf 79' lang='lat' dir='ltr'><strong>lacunam</strong></span> 
     </span>
     <span class='ocr_line' id='line_1_6' title="bbox 101 728 861 814; baseline -0.018 -20"><span class='ocrx_word' id='word_1_39' title='bbox 101 756 155 814; x_wconf 88' lang='lat' dir='ltr'><strong>pro</strong></span> <span class='ocrx_word' id='word_1_40' title='bbox 172 734 292 791; x_wconf 88' lang='lat' dir='ltr'><strong>arbitrio</strong></span> <span class='ocrx_word' id='word_1_41' title='bbox 308 732 405 809; x_wconf 84' lang='lat' dir='ltr'><strong>potius</strong></span> <span class='ocrx_word' id='word_1_42' title='bbox 417 750 504 807; x_wconf 90' lang='lat' dir='ltr'><strong>quam</strong></span> <span class='ocrx_word' id='word_1_43' title='bbox 515 749 552 785; x_wconf 91' lang='lat' dir='ltr'><strong>ex</strong></span> <span class='ocrx_word' id='word_1_44' title='bbox 564 728 672 785; x_wconf 88' lang='lat' dir='ltr'><strong>indicio</strong></span> <span class='ocrx_word' id='word_1_45' title='bbox 684 728 782 802; x_wconf 93' lang='lat' dir='ltr'><strong>aliquo</strong></span> <span class='ocrx_word' id='word_1_46' title='bbox 795 743 861 781; x_wconf 88' lang='lat' dir='ltr'><strong>cun·</strong></span> 
     </span>
     <span class='ocr_line' id='line_1_7' title="bbox 101 812 862 897; baseline -0.016 -16"><span class='ocrx_word' id='word_1_47' title='bbox 101 824 191 881; x_wconf 83' lang='lat' dir='ltr'><strong>stitui.</strong></span> <span class='ocrx_word' id='word_1_48' title='bbox 207 821 302 879; x_wconf 81' lang='lat' dir='ltr'><strong>Ceteri</strong></span> <span class='ocrx_word' id='word_1_49' title='bbox 318 817 402 876; x_wconf 90' lang='lat' dir='ltr'>codd.</span> <span class='ocrx_word' id='word_1_50' title='bbox 419 814 611 897; x_wconf 74' lang='grc' dir='ltr'>ἆμριὺραχίσσι</span> <span class='ocrx_word' id='word_1_51' title='bbox 621 813 754 884; x_wconf 74' lang='grc' dir='ltr'>νήσαντες.</span> <span class='ocrx_word' id='word_1_52' title='bbox 768 812 862 870; x_wconf 69' lang='lat' dir='ltr'><strong>illinc</strong></span> 
     </span>
     <span class='ocr_line' id='line_1_8' title="bbox 101 903 515 987; baseline -0.019 -19"><span class='ocrx_word' id='word_1_53' title='bbox 101 909 181 987; x_wconf 91' lang='lat' dir='ltr'><strong>quod</strong></span> <span class='ocrx_word' id='word_1_54' title='bbox 192 908 255 967; x_wconf 88' lang='lat' dir='ltr'><strong>erui</strong></span> <span class='ocrx_word' id='word_1_55' title='bbox 266 906 370 983; x_wconf 88' lang='lat' dir='ltr'><strong>(iuquit</strong></span> <span class='ocrx_word' id='word_1_56' title='bbox 382 903 515 981; x_wconf 70' lang='lat' dir='ltr'><strong>helius),</strong></span> 
     </span>
    </p>

    <p class='ocr_par' dir='ltr' id='par_1_4' title="bbox 180 1006 633 1087">
     <span class='ocr_line' id='line_1_9' title="bbox 180 1006 633 1087; baseline -0.018 -17"><span class='ocrx_word' id='word_1_57' title='bbox 180 1009 320 1071; x_wconf 80' lang='grc' dir='ltr'>Δαιδάλεοι</span> <span class='ocrx_word' id='word_1_58' title='bbox 335 1006 363 1067; x_wconf 75' lang='lat' dir='ltr'><strong>dl</strong></span> <span class='ocrx_word' id='word_1_59' title='bbox 376 1008 500 1087; x_wconf 80' lang='grc' dir='ltr'>χλιδῶνες</span> <span class='ocrx_word' id='word_1_60' title='bbox 508 1045 633 1065; x_wconf 86' lang='grc'><strong>.......</strong></span> 
     </span>
    </p>

    <p class='ocr_par' dir='ltr' id='par_1_5' title="bbox 181 1106 815 1196">
     <span class='ocr_line' id='line_1_10' title="bbox 181 1106 815 1196; baseline -0.013 -23"><span class='ocrx_word' id='word_1_61' title='bbox 181 1112 463 1196; x_wconf 74' lang='grc' dir='ltr'>δμριὺραχιονίσαντες</span> <span class='ocrx_word' id='word_1_62' title='bbox 475 1108 631 1171; x_wconf 73' lang='grc' dir='ltr'>ὑπασπίδιον</span> <span class='ocrx_word' id='word_1_63' title='bbox 642 1106 815 1186; x_wconf 70' lang='grc' dir='ltr'>πολεμιστήν,</span> 
     </span>
    </p>
   </div>
   <div class='ocr_carea' id='block_1_4' title="bbox 37 1210 869 4687">
    <p class='ocr_par' dir='ltr' id='par_1_6' title="bbox 37 1210 869 4687">
     <span class='ocr_line' id='line_1_11' title="bbox 104 1210 864 1290; baseline -0.012 -14"><span class='ocrx_word' id='word_1_64' title='bbox 104 1238 217 1276; x_wconf 78' lang='lat' dir='ltr'><strong>versum</strong></span> <span class='ocrx_word' id='word_1_65' title='bbox 232 1219 320 1276; x_wconf 81' lang='lat' dir='ltr'><strong>eflicit</strong></span> <span class='ocrx_word' id='word_1_66' title='bbox 338 1216 585 1285; x_wconf 77' lang='lat' dir='ltr'>rotundissimum,</span> <span class='ocrx_word' id='word_1_67' title='bbox 599 1226 628 1271; x_wconf 91' lang='lat' dir='ltr'><strong>et</strong></span> <span class='ocrx_word' id='word_1_68' title='bbox 638 1211 738 1290; x_wconf 86' lang='lat' dir='ltr'><strong>jocosa</strong></span> <span class='ocrx_word' id='word_1_69' title='bbox 750 1212 791 1288; x_wconf 82' lang='lat' dir='ltr'><strong>[l]</strong></span> <span class='ocrx_word' id='word_1_70' title='bbox 804 1210 864 1268; x_wconf 72' lang='lat' dir='ltr'><strong>nsit</strong></span> 
     </span>
     <span class='ocr_line' id='line_1_12' title="bbox 103 1303 865 1383; baseline -0.012 -21"><span class='ocrx_word' id='word_1_71' title='bbox 103 1306 348 1383; x_wconf 78' lang='lat' dir='ltr'>magniloquentia</span> <span class='ocrx_word' id='word_1_72' title='bbox 369 1304 567 1381; x_wconf 86' lang='lat' dir='ltr'><strong>dignissimum</strong></span> <span class='ocrx_word' id='word_1_73' title='bbox 588 1314 639 1359; x_wconf 88' lang='lat' dir='ltr'><strong>est.</strong></span> <span class='ocrx_word' id='word_1_74' title='bbox 653 1303 781 1375; x_wconf 85' lang='lat' dir='ltr'><strong>Cognata</strong></span> <span class='ocrx_word' id='word_1_75' title='bbox 794 1320 865 1378; x_wconf 90' lang='grc' dir='ltr'>περι-</span> 
     </span>
     <span class='ocr_line' id='line_1_13' title="bbox 104 1385 864 1472; baseline -0.013 -23"><span class='ocrx_word' id='word_1_76' title='bbox 104 1390 272 1472; x_wconf 76' lang='grc' dir='ltr'>ὑραχιόνιον,</span> <span class='ocrx_word' id='word_1_77' title='bbox 295 1390 481 1471; x_wconf 72' lang='grc' dir='ltr'>βραχιονισι-ἡρ</span> <span class='ocrx_word' id='word_1_78' title='bbox 505 1389 673 1465; x_wconf 88' lang='lat' dir='ltr'><strong>suppeditat</strong></span> <span class='ocrx_word' id='word_1_79' title='bbox 692 1385 816 1463; x_wconf 87' lang='lat' dir='ltr'><strong>llSteph.</strong></span> <span class='ocrx_word' id='word_1_80' title='bbox 834 1385 864 1442; x_wconf 92' lang='lat' dir='ltr'><strong>in</strong></span> 
     </span>
     <span class='ocr_line' id='line_1_14' title="bbox 104 1471 865 1557; baseline -0.012 -20"><span class='ocrx_word' id='word_1_81' title='bbox 104 1480 262 1538; x_wconf 79' lang='lat' dir='ltr'><strong>Thesauro.</strong></span> <span class='ocrx_word' id='word_1_82' title='bbox 279 1480 424 1539; x_wconf 88' lang='lat' dir='ltr'><strong>Particula</strong></span> <span class='ocrx_word' id='word_1_83' title='bbox 437 1477 477 1557; x_wconf 78' lang='grc' dir='ltr'><strong>ἄρ’</strong></span> <span class='ocrx_word' id='word_1_84' title='bbox 490 1477 628 1534; x_wconf 84' lang='lat' dir='ltr'><strong>indicium</strong></span> <span class='ocrx_word' id='word_1_85' title='bbox 643 1476 764 1532; x_wconf 82' lang='lat' dir='ltr'><strong>hirtasse</strong></span> <span class='ocrx_word' id='word_1_86' title='bbox 778 1471 865 1529; x_wconf 88' lang='lat' dir='ltr'><strong>habet</strong></span> 
     </span>
     <span class='ocr_line' id='line_1_15' title="bbox 105 1563 865 1642; baseline -0.008 -20"><span class='ocrx_word' id='word_1_87' title='bbox 105 1568 203 1637; x_wconf 89' lang='lat' dir='ltr'><strong>vocis,</strong></span> <span class='ocrx_word' id='word_1_88' title='bbox 223 1586 287 1642; x_wconf 77' lang='lat' dir='ltr'><strong>quae</strong></span> <span class='ocrx_word' id='word_1_89' title='bbox 301 1567 370 1623; x_wconf 90' lang='lat' dir='ltr'><strong>olim</strong></span> <span class='ocrx_word' id='word_1_90' title='bbox 385 1564 546 1641; x_wconf 89' lang='lat' dir='ltr'><strong>legebatur,</strong></span> <span class='ocrx_word' id='word_1_91' title='bbox 558 1565 714 1642; x_wconf 73' lang='grc' dir='ltr'><strong>ἀριπρεπές,</strong></span> <span class='ocrx_word' id='word_1_92' title='bbox 737 1573 787 1618; x_wconf 91' lang='lat' dir='ltr'><strong>ant</strong></span> <span class='ocrx_word' id='word_1_93' title='bbox 799 1563 865 1637; x_wconf 83' lang='grc' dir='ltr'>ἀρη-</span> 
     </span>
     <span class='ocr_line' id='line_1_16' title="bbox 107 1648 865 1733; baseline -0.012 -23"><span class='ocrx_word' id='word_1_94' title='bbox 107 1651 187 1733; x_wconf 83' lang='grc' dir='ltr'>ρότες.</span> <span class='ocrx_word' id='word_1_95' title='bbox 208 1654 268 1711; x_wconf 72' lang='lat' dir='ltr'><strong>hisi</strong></span> <span class='ocrx_word' id='word_1_96' title='bbox 286 1654 341 1711; x_wconf 91' lang='lat' dir='ltr'><strong>hoc</strong></span> <span class='ocrx_word' id='word_1_97' title='bbox 357 1671 467 1710; x_wconf 89' lang='lat' dir='ltr'><strong>merum</strong></span> <span class='ocrx_word' id='word_1_98' title='bbox 481 1649 665 1708; x_wconf 86' lang='lat' dir='ltr'><strong>librariorum</strong></span> <span class='ocrx_word' id='word_1_99' title='bbox 680 1648 865 1705; x_wconf 84' lang='lat' dir='ltr'><strong>additamen-</strong></span> 
     </span>
     <span class='ocr_line' id='line_1_17' title="bbox 106 1732 865 1816; baseline -0.009 -21"><span class='ocrx_word' id='word_1_100' title='bbox 106 1750 167 1796; x_wconf 92' lang='lat' dir='ltr'><strong>tum</strong></span> <span class='ocrx_word' id='word_1_101' title='bbox 190 1752 233 1797; x_wconf 86' lang='lat' dir='ltr'><strong>est</strong></span> <span class='ocrx_word' id='word_1_102' title='bbox 253 1739 290 1797; x_wconf 91' lang='lat' dir='ltr'><strong>ad</strong></span> <span class='ocrx_word' id='word_1_103' title='bbox 311 1739 485 1816; x_wconf 82' lang='lat' dir='ltr'><strong>expleudum</strong></span> <span class='ocrx_word' id='word_1_104' title='bbox 509 1756 633 1794; x_wconf 86' lang='lat' dir='ltr'><strong>verstun.</strong></span> <span class='ocrx_word' id='word_1_105' title='bbox 654 1737 725 1793; x_wconf 79' lang='lat' dir='ltr'><strong>h&#39;aan</strong></span> <span class='ocrx_word' id='word_1_106' title='bbox 746 1732 865 1791; x_wconf 83' lang='lat' dir='ltr'><strong>verbum</strong></span> 
     </span>
     <span class='ocr_line' id='line_1_18' title="bbox 104 1820 867 1906; baseline -0.009 -24"><span class='ocrx_word' id='word_1_107' title='bbox 104 1824 385 1906; x_wconf 75' lang='grc' dir='ltr'>δμριὸρσχιονίσαντες</span> <span class='ocrx_word' id='word_1_108' title='bbox 396 1846 485 1902; x_wconf 92' lang='lat' dir='ltr'><strong>quum</strong></span> <span class='ocrx_word' id='word_1_109' title='bbox 498 1837 608 1883; x_wconf 88' lang='lat' dir='ltr'><strong>mature</strong></span> <span class='ocrx_word' id='word_1_110' title='bbox 620 1833 788 1898; x_wconf 90' lang='lat' dir='ltr'><strong>corruptum</strong></span> <span class='ocrx_word' id='word_1_111' title='bbox 800 1820 867 1877; x_wconf 82' lang='lat' dir='ltr'><strong>fatis-</strong></span> 
     </span>
     <span class='ocr_line' id='line_1_19' title="bbox 106 1907 867 1989; baseline -0.007 -20"><span class='ocrx_word' id='word_1_112' title='bbox 106 1923 167 1982; x_wconf 87' lang='lat' dir='ltr'><strong>set,</strong></span> <span class='ocrx_word' id='word_1_113' title='bbox 184 1912 245 1989; x_wconf 87' lang='lat' dir='ltr'><strong>jam</strong></span> <span class='ocrx_word' id='word_1_114' title='bbox 263 1914 332 1969; x_wconf 92' lang='lat' dir='ltr'><strong>olim</strong></span> <span class='ocrx_word' id='word_1_115' title='bbox 351 1914 494 1970; x_wconf 80' lang='lat' dir='ltr'><strong>exstitisse</strong></span> <span class='ocrx_word' id='word_1_116' title='bbox 516 1912 650 1969; x_wconf 83' lang='lat' dir='ltr'><strong>sidentur</strong></span> <span class='ocrx_word' id='word_1_117' title='bbox 667 1910 717 1965; x_wconf 80' lang='lat' dir='ltr'><strong>aui</strong></span> <span class='ocrx_word' id='word_1_118' title='bbox 737 1907 805 1965; x_wconf 91' lang='lat' dir='ltr'><strong>inde</strong></span> <span class='ocrx_word' id='word_1_119' title='bbox 819 1928 867 1965; x_wconf 88' lang='lat' dir='ltr'><strong>ex·</strong></span> 
     </span>
     <span class='ocr_line' id='line_1_20' title="bbox 106 1996 865 2079; baseline -0.007 -23"><span class='ocrx_word' id='word_1_120' title='bbox 106 1999 272 2076; x_wconf 78' lang='lat' dir='ltr'><strong>sculperent</strong></span> <span class='ocrx_word' id='word_1_121' title='bbox 280 2000 340 2057; x_wconf 83' lang='lat' dir='ltr'><strong>haec</strong></span> <span class='ocrx_word' id='word_1_122' title='bbox 347 1998 518 2079; x_wconf 74' lang='lat' dir='ltr'><strong>verlia,dpql</strong></span> <span class='ocrx_word' id='word_1_123' title='bbox 529 1996 665 2078; x_wconf 74' lang='grc' dir='ltr'>βραχίοσιν</span> <span class='ocrx_word' id='word_1_124' title='bbox 674 2018 751 2066; x_wconf 85' lang='grc' dir='ltr'>ησαν.</span> <span class='ocrx_word' id='word_1_125' title='bbox 759 1996 865 2065; x_wconf 78' lang='lat' dir='ltr'><strong>Poetae,</strong></span> 
     </span>
     <span class='ocr_line' id='line_1_21' title="bbox 106 2082 868 2162; baseline -0.005 -20"><span class='ocrx_word' id='word_1_126' title='bbox 106 2087 186 2162; x_wconf 94' lang='lat' dir='ltr'><strong>quod</strong></span> <span class='ocrx_word' id='word_1_127' title='bbox 202 2087 231 2142; x_wconf 94' lang='lat' dir='ltr'><strong>in</strong></span> <span class='ocrx_word' id='word_1_128' title='bbox 246 2088 353 2145; x_wconf 90' lang='lat' dir='ltr'><strong>ultimis</strong></span> <span class='ocrx_word' id='word_1_129' title='bbox 369 2087 463 2145; x_wconf 84' lang='lat' dir='ltr'><strong>verbis</strong></span> <span class='ocrx_word' id='word_1_130' title='bbox 480 2088 568 2157; x_wconf 89' lang='lat' dir='ltr'><strong>inest,</strong></span> <span class='ocrx_word' id='word_1_131' title='bbox 585 2104 705 2143; x_wconf 80' lang='lat' dir='ltr'><strong>acumen</strong></span> <span class='ocrx_word' id='word_1_132' title='bbox 720 2082 810 2139; x_wconf 87' lang='lat' dir='ltr'><strong>miror</strong></span> <span class='ocrx_word' id='word_1_133' title='bbox 824 2083 868 2139; x_wconf 88' lang='lat' dir='ltr'><strong>sn-</strong></span> 
     </span>
     <span class='ocr_line' id='line_1_22' title="bbox 106 2169 867 2251; baseline -0.008 -20"><span class='ocrx_word' id='word_1_134' title='bbox 106 2191 173 2251; x_wconf 86' lang='lat' dir='ltr'><strong>gere</strong></span> <span class='ocrx_word' id='word_1_135' title='bbox 185 2175 312 2249; x_wconf 88' lang='lat' dir='ltr'><strong>potuisse</strong></span> <span class='ocrx_word' id='word_1_136' title='bbox 324 2176 401 2233; x_wconf 77' lang='lat' dir='ltr'><strong>viros</strong></span> <span class='ocrx_word' id='word_1_137' title='bbox 412 2174 550 2234; x_wconf 89' lang='lat' dir='ltr'><strong>eruditos.</strong></span> <span class='ocrx_word' id='word_1_138' title='bbox 563 2174 634 2244; x_wconf 83' lang='lat' dir='ltr'><strong>Quae</strong></span> <span class='ocrx_word' id='word_1_139' title='bbox 644 2173 738 2230; x_wconf 90' lang='lat' dir='ltr'><strong>lucem</strong></span> <span class='ocrx_word' id='word_1_140' title='bbox 749 2169 867 2246; x_wconf 89' lang='lat' dir='ltr'><strong>capiunt</strong></span> 
     </span>
     <span class='ocr_line' id='line_1_23' title="bbox 106 2256 866 2336; baseline -0.003 -19"><span class='ocrx_word' id='word_1_141' title='bbox 106 2279 144 2317; x_wconf 87' lang='lat' dir='ltr'><strong>cx</strong></span> <span class='ocrx_word' id='word_1_142' title='bbox 162 2281 247 2319; x_wconf 76' lang='lat' dir='ltr'><strong>versu</strong></span> <span class='ocrx_word' id='word_1_143' title='bbox 271 2264 407 2322; x_wconf 89' lang='lat' dir='ltr'><strong>secando.</strong></span> <span class='ocrx_word' id='word_1_144' title='bbox 429 2262 603 2323; x_wconf 85' lang='grc' dir='ltr'>Ὑπασπίδιον</span> <span class='ocrx_word' id='word_1_145' title='bbox 618 2256 780 2336; x_wconf 67' lang='grc' dir='ltr'>πολεμιστὴν</span> <span class='ocrx_word' id='word_1_146' title='bbox 801 2277 866 2316; x_wconf 83' lang='lat' dir='ltr'><strong>enm</strong></span> 
     </span>
     <span class='ocr_line' id='line_1_24' title="bbox 101 2344 867 2427; baseline 0.001 -25"><span class='ocrx_word' id='word_1_147' title='bbox 101 2345 205 2422; x_wconf 82' lang='lat' dir='ltr'><strong>jocose</strong></span> <span class='ocrx_word' id='word_1_148' title='bbox 216 2350 343 2425; x_wconf 89' lang='lat' dir='ltr'><strong>appellat</strong></span> <span class='ocrx_word' id='word_1_149' title='bbox 358 2352 451 2419; x_wconf 84' lang='lat' dir='ltr'><strong>hsius,</strong></span> <span class='ocrx_word' id='word_1_150' title='bbox 461 2350 512 2427; x_wconf 94' lang='lat' dir='ltr'><strong>qui</strong></span> <span class='ocrx_word' id='word_1_151' title='bbox 523 2362 601 2407; x_wconf 89' lang='lat' dir='ltr'><strong>veste</strong></span> <span class='ocrx_word' id='word_1_152' title='bbox 615 2350 707 2406; x_wconf 92' lang='lat' dir='ltr'><strong>utitur</strong></span> <span class='ocrx_word' id='word_1_153' title='bbox 718 2348 819 2425; x_wconf 85' lang='lat' dir='ltr'><strong>longa,</strong></span> <span class='ocrx_word' id='word_1_154' title='bbox 830 2344 867 2404; x_wconf 88' lang='lat' dir='ltr'><strong>ad</strong></span> 
     </span>
     <span class='ocr_line' id='line_1_25' title="bbox 107 2432 867 2513; baseline 0.003 -25"><span class='ocrx_word' id='word_1_155' title='bbox 107 2444 212 2491; x_wconf 88' lang='lat' dir='ltr'><strong>terram</strong></span> <span class='ocrx_word' id='word_1_156' title='bbox 233 2437 403 2511; x_wconf 82' lang='lat' dir='ltr'><strong>pertinente.</strong></span> <span class='ocrx_word' id='word_1_157' title='bbox 428 2442 589 2507; x_wconf 83' lang='lat' dir='ltr'><strong>Homerus,</strong></span> <span class='ocrx_word' id='word_1_158' title='bbox 611 2434 757 2493; x_wconf 81' lang='grc' dir='ltr'>ὑπασπίδια</span> <span class='ocrx_word' id='word_1_159' title='bbox 772 2432 867 2513; x_wconf 75' lang='grc' dir='ltr'>προδι-</span> 
     </span>
     <span class='ocr_line' id='line_1_26' title="bbox 37 2518 866 2601; baseline -0.001 -23"><span class='ocrx_word' id='word_1_160' title='bbox 37 2544 41 2549; x_wconf 95' lang='grc'><em>·</em></span> <span class='ocrx_word' id='word_1_161' title='bbox 109 2518 239 2587; x_wconf 75' lang='grc' dir='ltr'>ὑῶντος.»</span> <span class='ocrx_word' id='word_1_162' title='bbox 263 2524 366 2582; x_wconf 81' lang='lat' dir='ltr'><strong>Fateor</strong></span> <span class='ocrx_word' id='word_1_163' title='bbox 388 2525 479 2595; x_wconf 91' lang='lat' dir='ltr'><strong>mihi,</strong></span> <span class='ocrx_word' id='word_1_164' title='bbox 503 2544 593 2601; x_wconf 91' lang='lat' dir='ltr'><strong>quum</strong></span> <span class='ocrx_word' id='word_1_165' title='bbox 613 2525 717 2600; x_wconf 76' lang='lat' dir='ltr'><strong>saepius</strong></span> <span class='ocrx_word' id='word_1_166' title='bbox 737 2522 866 2598; x_wconf 81' lang='lat' dir='ltr'><strong>legissem</strong></span> 
     </span>
     <span class='ocr_line' id='line_1_27' title="bbox 106 2606 867 2688; baseline 0.001 -24"><span class='ocrx_word' id='word_1_167' title='bbox 106 2606 196 2666; x_wconf 80' lang='lat' dir='ltr'><strong>Naelrii</strong></span> <span class='ocrx_word' id='word_1_168' title='bbox 222 2612 368 2687; x_wconf 86' lang='lat' dir='ltr'><strong>egregium</strong></span> <span class='ocrx_word' id='word_1_169' title='bbox 390 2610 518 2681; x_wconf 89' lang='lat' dir='ltr'><strong>librum,</strong></span> <span class='ocrx_word' id='word_1_170' title='bbox 541 2631 699 2688; x_wconf 89' lang='lat' dir='ltr'><strong>numquam</strong></span> <span class='ocrx_word' id='word_1_171' title='bbox 722 2608 867 2667; x_wconf 83' lang='lat' dir='ltr'><strong>blanditos</strong></span> 
     </span>
     <span class='ocr_line' id='line_1_28' title="bbox 107 2695 867 2778; baseline 0.003 -28"><span class='ocrx_word' id='word_1_172' title='bbox 107 2712 169 2751; x_wconf 85' lang='lat' dir='ltr'><strong>esse</strong></span> <span class='ocrx_word' id='word_1_173' title='bbox 187 2695 252 2752; x_wconf 90' lang='lat' dir='ltr'><strong>illos</strong></span> <span class='ocrx_word' id='word_1_174' title='bbox 271 2699 399 2775; x_wconf 78' lang='grc' dir='ltr'>χλιδῶνας</span> <span class='ocrx_word' id='word_1_175' title='bbox 412 2697 695 2778; x_wconf 76' lang='grc' dir='ltr'>α’μριὺραχιονίσαντας</span> <span class='ocrx_word' id='word_1_176' title='bbox 712 2695 867 2753; x_wconf 70' lang='grc' dir='ltr'>ὑπασπίδιον</span> 
     </span>
     <span class='ocr_line' id='line_1_29' title="bbox 107 2781 867 2865; baseline 0 -27"><span class='ocrx_word' id='word_1_177' title='bbox 107 2781 278 2858; x_wconf 71' lang='grc' dir='ltr'>πολεμιστήν.</span> <span class='ocrx_word' id='word_1_178' title='bbox 310 2784 561 2865; x_wconf 78' lang='grc' dir='ltr'>Ἀμριὺραχιονίζειν</span> <span class='ocrx_word' id='word_1_179' title='bbox 593 2806 650 2842; x_wconf 91' lang='lat' dir='ltr'><strong>non</strong></span> <span class='ocrx_word' id='word_1_180' title='bbox 677 2796 773 2860; x_wconf 84' lang='lat' dir='ltr'><strong>potest</strong></span> <span class='ocrx_word' id='word_1_181' title='bbox 798 2784 867 2859; x_wconf 92' lang='lat' dir='ltr'><strong>quin</strong></span> 
     </span>
     <span class='ocr_line' id='line_1_30' title="bbox 106 2871 867 2949; baseline 0.007 -27"><span class='ocrx_word' id='word_1_182' title='bbox 106 2871 223 2945; x_wconf 82' lang='lat' dir='ltr'><strong>proprie</strong></span> <span class='ocrx_word' id='word_1_183' title='bbox 237 2872 393 2949; x_wconf 86' lang='lat' dir='ltr'><strong>significet,</strong></span> <span class='ocrx_word' id='word_1_184' title='bbox 412 2874 533 2930; x_wconf 77' lang='lat' dir='ltr'><strong>bractio</strong></span> <span class='ocrx_word' id='word_1_185' title='bbox 549 2876 609 2929; x_wconf 81' lang='lat' dir='ltr'><strong>suis</strong></span> <span class='ocrx_word' id='word_1_186' title='bbox 627 2874 736 2946; x_wconf 80' lang='lat' dir='ltr'><strong>ringere</strong></span> <span class='ocrx_word' id='word_1_187' title='bbox 750 2871 794 2928; x_wconf 83' lang='lat' dir='ltr'><strong>vel</strong></span> <span class='ocrx_word' id='word_1_188' title='bbox 806 2878 867 2927; x_wconf 78' lang='lat' dir='ltr'><strong>cin·</strong></span> 
     </span>
     <span class='ocr_line' id='line_1_31' title="bbox 103 2957 868 3038; baseline 0.004 -29"><span class='ocrx_word' id='word_1_189' title='bbox 103 2972 173 3026; x_wconf 80' lang='lat' dir='ltr'><strong>gere</strong></span> <span class='ocrx_word' id='word_1_190' title='bbox 190 2969 326 3032; x_wconf 84' lang='lat' dir='ltr'><strong>tanquam</strong></span> <span class='ocrx_word' id='word_1_191' title='bbox 350 2961 480 3016; x_wconf 80' lang='lat' dir='ltr'><strong>brachiis.</strong></span> <span class='ocrx_word' id='word_1_192' title='bbox 502 2963 572 3019; x_wconf 81' lang='lat' dir='ltr'><strong>hain</strong></span> <span class='ocrx_word' id='word_1_193' title='bbox 594 2957 799 3038; x_wconf 73' lang='grc' dir='ltr'>βραχιονιστήρ,</span> <span class='ocrx_word' id='word_1_194' title='bbox 822 2978 868 3013; x_wconf 84' lang='lat' dir='ltr'><strong>ar·</strong></span> 
     </span>
     <span class='ocr_line' id='line_1_32' title="bbox 106 3045 867 3123; baseline 0.012 -30"><span class='ocrx_word' id='word_1_195' title='bbox 106 3045 196 3109; x_wconf 72' lang='lat' dir='ltr'><strong>ncilla,</strong></span> <span class='ocrx_word' id='word_1_196' title='bbox 229 3046 337 3121; x_wconf 87' lang='lat' dir='ltr'><strong>alioqui</strong></span> <span class='ocrx_word' id='word_1_197' title='bbox 360 3047 515 3105; x_wconf 88' lang='lat' dir='ltr'><strong>Plutarcho</strong></span> <span class='ocrx_word' id='word_1_198' title='bbox 545 3048 738 3123; x_wconf 85' lang='lat' dir='ltr'><strong>antiquiorem</strong></span> <span class='ocrx_word' id='word_1_199' title='bbox 769 3057 867 3102; x_wconf 88' lang='lat' dir='ltr'><strong>testem</strong></span> 
     </span>
     <span class='ocr_line' id='line_1_33' title="bbox 107 3128 869 3209; baseline 0.012 -29"><span class='ocrx_word' id='word_1_200' title='bbox 107 3145 166 3181; x_wconf 91' lang='lat' dir='ltr'><strong>nnn</strong></span> <span class='ocrx_word' id='word_1_201' title='bbox 183 3128 306 3199; x_wconf 88' lang='lat' dir='ltr'><strong>habens,</strong></span> <span class='ocrx_word' id='word_1_202' title='bbox 323 3135 440 3189; x_wconf 91' lang='lat' dir='ltr'><strong>minime</strong></span> <span class='ocrx_word' id='word_1_203' title='bbox 460 3133 565 3208; x_wconf 89' lang='lat' dir='ltr'><strong>probat</strong></span> <span class='ocrx_word' id='word_1_204' title='bbox 580 3134 698 3190; x_wconf 79' lang='lat' dir='ltr'><strong>rerlnnn</strong></span> <span class='ocrx_word' id='word_1_205' title='bbox 714 3132 869 3209; x_wconf 79' lang='grc' dir='ltr'>βραχιονίζω</span> 
     </span>
     <span class='ocr_line' id='line_1_34' title="bbox 107 3213 867 3294; baseline 0.012 -28"><span class='ocrx_word' id='word_1_206' title='bbox 107 3213 296 3287; x_wconf 81' lang='lat' dir='ltr'><strong>significasse,</strong></span> <span class='ocrx_word' id='word_1_207' title='bbox 310 3219 454 3275; x_wconf 81' lang='lat' dir='ltr'><strong>brochimn</strong></span> <span class='ocrx_word' id='word_1_208' title='bbox 468 3224 558 3294; x_wconf 76' lang='lat' dir='ltr'><strong>ringo.</strong></span> <span class='ocrx_word' id='word_1_209' title='bbox 570 3223 665 3279; x_wconf 70' lang='lat' dir='ltr'><strong>hittun</strong></span> <span class='ocrx_word' id='word_1_210' title='bbox 678 3221 775 3275; x_wconf 86' lang='lat' dir='ltr'><strong>inveni</strong></span> <span class='ocrx_word' id='word_1_211' title='bbox 788 3220 867 3294; x_wconf 83' lang='lat' dir='ltr'><strong>qttttd</strong></span> 
     </span>
     <span class='ocr_line' id='line_1_35' title="bbox 106 3304 868 3381; baseline 0.013 -29"><span class='ocrx_word' id='word_1_212' title='bbox 106 3318 171 3353; x_wconf 91' lang='lat' dir='ltr'><strong>cnm</strong></span> <span class='ocrx_word' id='word_1_213' title='bbox 183 3304 278 3377; x_wconf 82' lang='lat' dir='ltr'><strong>specie</strong></span> <span class='ocrx_word' id='word_1_214' title='bbox 290 3305 384 3381; x_wconf 90' lang='lat' dir='ltr'><strong>aliqua</strong></span> <span class='ocrx_word' id='word_1_215' title='bbox 397 3307 557 3381; x_wconf 84' lang='lat' dir='ltr'><strong>couiparari</strong></span> <span class='ocrx_word' id='word_1_216' title='bbox 571 3308 676 3381; x_wconf 85' lang='lat' dir='ltr'><strong>possit,</strong></span> <span class='ocrx_word' id='word_1_217' title='bbox 688 3306 766 3381; x_wconf 90' lang='lat' dir='ltr'><strong>apud</strong></span> <span class='ocrx_word' id='word_1_218' title='bbox 778 3307 868 3381; x_wconf 73' lang='lat' dir='ltr'><strong>l‘hry-</strong></span> 
     </span>
     <span class='ocr_line' id='line_1_36' title="bbox 107 3384 868 3471; baseline 0.011 -30"><span class='ocrx_word' id='word_1_219' title='bbox 107 3384 224 3443; x_wconf 92' lang='lat' dir='ltr'><strong>nichum</strong></span> <span class='ocrx_word' id='word_1_220' title='bbox 241 3390 358 3446; x_wconf 86' lang='lat' dir='ltr'><strong>Bekheri</strong></span> <span class='ocrx_word' id='word_1_221' title='bbox 374 3411 402 3466; x_wconf 91' lang='lat' dir='ltr'><strong>p.</strong></span> <span class='ocrx_word' id='word_1_222' title='bbox 418 3393 468 3460; x_wconf 82' lang='lat'><strong>58,</strong></span> <span class='ocrx_word' id='word_1_223' title='bbox 481 3393 518 3446; x_wconf 80' lang='lat'><strong>3:</strong></span> <span class='ocrx_word' id='word_1_224' title='bbox 536 3393 745 3471; x_wconf 82' lang='grc' dir='ltr'>Περιπλευριεῖςι</span> <span class='ocrx_word' id='word_1_225' title='bbox 768 3391 868 3468; x_wconf 85' lang='grc' dir='ltr'>σημαί-</span> 
     </span>
     <span class='ocr_line' id='line_1_37' title="bbox 106 3473 867 3556; baseline 0.009 -27"><span class='ocrx_word' id='word_1_226' title='bbox 106 3497 144 3530; x_wconf 88' lang='grc' dir='ltr'><strong>νει</strong></span> <span class='ocrx_word' id='word_1_227' title='bbox 156 3473 186 3531; x_wconf 86' lang='grc' dir='ltr'><strong>τδ</strong></span> <span class='ocrx_word' id='word_1_228' title='bbox 207 3478 400 3554; x_wconf 76' lang='grc' dir='ltr'>περιπλακῆναι</span> <span class='ocrx_word' id='word_1_229' title='bbox 417 3478 461 3534; x_wconf 84' lang='grc' dir='ltr'>καὶ</span> <span class='ocrx_word' id='word_1_230' title='bbox 478 3482 693 3556; x_wconf 75' lang='grc' dir='ltr'>συγκοιμηὺἧναι.</span> <span class='ocrx_word' id='word_1_231' title='bbox 718 3479 774 3535; x_wconf 88' lang='lat' dir='ltr'><strong>Sed</strong></span> <span class='ocrx_word' id='word_1_232' title='bbox 793 3481 867 3555; x_wconf 84' lang='lat' dir='ltr'><strong>sange</strong></span> 
     </span>
     <span class='ocr_line' id='line_1_38' title="bbox 105 3562 866 3646; baseline 0.004 -28"><span class='ocrx_word' id='word_1_233' title='bbox 105 3562 353 3643; x_wconf 70' lang='grc' dir='ltr'>περιὺραχιονίζειν,</span> <span class='ocrx_word' id='word_1_234' title='bbox 366 3564 567 3646; x_wconf 79' lang='grc' dir='ltr'>περισκελίζειν,</span> <span class='ocrx_word' id='word_1_235' title='bbox 581 3579 609 3623; x_wconf 93' lang='lat' dir='ltr'><strong>et</strong></span> <span class='ocrx_word' id='word_1_236' title='bbox 623 3567 734 3623; x_wconf 82' lang='lat' dir='ltr'><strong>diversa</strong></span> <span class='ocrx_word' id='word_1_237' title='bbox 748 3585 792 3622; x_wconf 88' lang='lat' dir='ltr'><strong>res</strong></span> <span class='ocrx_word' id='word_1_238' title='bbox 803 3579 866 3622; x_wconf 89' lang='lat' dir='ltr'><strong>est:</strong></span> 
     </span>
     <span class='ocr_line' id='line_1_39' title="bbox 105 3653 867 3728; baseline 0.004 -22"><span class='ocrx_word' id='word_1_239' title='bbox 105 3671 171 3708; x_wconf 85' lang='lat' dir='ltr'><strong>naut</strong></span> <span class='ocrx_word' id='word_1_240' title='bbox 193 3653 393 3728; x_wconf 89' lang='lat' dir='ltr'><strong>amplectimur</strong></span> <span class='ocrx_word' id='word_1_241' title='bbox 410 3653 555 3723; x_wconf 80' lang='lat' dir='ltr'><strong>brachiis,</strong></span> <span class='ocrx_word' id='word_1_242' title='bbox 577 3653 657 3728; x_wconf 89' lang='lat' dir='ltr'><strong>quod</strong></span> <span class='ocrx_word' id='word_1_243' title='bbox 678 3653 766 3708; x_wconf 92' lang='lat' dir='ltr'><strong>menti</strong></span> <span class='ocrx_word' id='word_1_244' title='bbox 788 3654 867 3728; x_wconf 88' lang='lat' dir='ltr'><strong>prius</strong></span> 
     </span>
     <span class='ocr_line' id='line_1_40' title="bbox 105 3740 867 3816; baseline 0 -21"><span class='ocrx_word' id='word_1_245' title='bbox 105 3758 135 3795; x_wconf 89' lang='lat' dir='ltr'><strong>se</strong></span> <span class='ocrx_word' id='word_1_246' title='bbox 147 3740 234 3796; x_wconf 77' lang='lat' dir='ltr'><strong>offert</strong></span> <span class='ocrx_word' id='word_1_247' title='bbox 247 3760 332 3816; x_wconf 88' lang='lat' dir='ltr'><strong>quam</strong></span> <span class='ocrx_word' id='word_1_248' title='bbox 351 3744 460 3799; x_wconf 91' lang='lat' dir='ltr'><strong>cinctus</strong></span> <span class='ocrx_word' id='word_1_249' title='bbox 478 3741 599 3798; x_wconf 86' lang='lat' dir='ltr'><strong>brachii.</strong></span> <span class='ocrx_word' id='word_1_250' title='bbox 622 3741 675 3797; x_wconf 93' lang='lat' dir='ltr'><strong>lllo</strong></span> <span class='ocrx_word' id='word_1_251' title='bbox 687 3752 781 3797; x_wconf 86' lang='lat' dir='ltr'><strong>autem</strong></span> <span class='ocrx_word' id='word_1_252' title='bbox 798 3761 867 3796; x_wconf 79' lang='lat' dir='ltr'><strong>cain·</strong></span> 
     </span>
     <span class='ocr_line' id='line_1_41' title="bbox 105 3825 867 3908; baseline 0.003 -27"><span class='ocrx_word' id='word_1_253' title='bbox 105 3825 204 3901; x_wconf 83' lang='lat' dir='ltr'><strong>fugere</strong></span> <span class='ocrx_word' id='word_1_254' title='bbox 230 3848 289 3884; x_wconf 84' lang='lat' dir='ltr'><strong>uon</strong></span> <span class='ocrx_word' id='word_1_255' title='bbox 316 3829 399 3903; x_wconf 79' lang='lat' dir='ltr'><strong>licet,</strong></span> <span class='ocrx_word' id='word_1_256' title='bbox 432 3827 671 3908; x_wconf 71' lang='grc' dir='ltr'>ἀμριὺραχιονίζειν</span> <span class='ocrx_word' id='word_1_257' title='bbox 705 3848 765 3884; x_wconf 86' lang='lat' dir='ltr'><strong>esse</strong></span> <span class='ocrx_word' id='word_1_258' title='bbox 789 3829 867 3906; x_wconf 73' lang='grc' dir='ltr'>σἰμρι-</span> 
     </span>
     <span class='ocr_line' id='line_1_42' title="bbox 104 3908 865 3994; baseline 0.004 -26"><span class='ocrx_word' id='word_1_259' title='bbox 104 3908 246 3993; x_wconf 79' lang='grc' dir='ltr'>ὑραχιονίῳ</span> <span class='ocrx_word' id='word_1_260' title='bbox 271 3918 418 3988; x_wconf 72' lang='lat' dir='ltr'><strong>manauere,</strong></span> <span class='ocrx_word' id='word_1_261' title='bbox 438 3929 468 3973; x_wconf 92' lang='lat' dir='ltr'><strong>nt</strong></span> <span class='ocrx_word' id='word_1_262' title='bbox 508 3930 550 3973; x_wconf 89' lang='lat' dir='ltr'><strong>est</strong></span> <span class='ocrx_word' id='word_1_263' title='bbox 584 3914 763 3994; x_wconf 86' lang='grc' dir='ltr'>περικρσίνιον,</span> <span class='ocrx_word' id='word_1_264' title='bbox 791 3936 865 3992; x_wconf 91' lang='grc' dir='ltr'>περι-</span> 
     </span>
     <span class='ocr_line' id='line_1_43' title="bbox 103 3999 866 4077; baseline 0.007 -25"><span class='ocrx_word' id='word_1_265' title='bbox 103 3999 264 4076; x_wconf 76' lang='grc' dir='ltr'>τραχήλιοντ</span> <span class='ocrx_word' id='word_1_266' title='bbox 282 4022 334 4058; x_wconf 84' lang='lat' dir='ltr'><strong>usn</strong></span> <span class='ocrx_word' id='word_1_267' title='bbox 353 4004 430 4059; x_wconf 92' lang='lat' dir='ltr'><strong>euim</strong></span> <span class='ocrx_word' id='word_1_268' title='bbox 450 4006 617 4060; x_wconf 85' lang='lat' dir='ltr'><strong>conlirtnata</strong></span> <span class='ocrx_word' id='word_1_269' title='bbox 637 4017 665 4060; x_wconf 86' lang='lat' dir='ltr'><strong>et</strong></span> <span class='ocrx_word' id='word_1_270' title='bbox 686 4004 866 4077; x_wconf 80' lang='lat' dir='ltr'><strong>frequentata</strong></span> 
     </span>
     <span class='ocr_line' id='line_1_44' title="bbox 103 4084 867 4166; baseline 0.009 -28"><span class='ocrx_word' id='word_1_271' title='bbox 103 4084 247 4158; x_wconf 90' lang='lat' dir='ltr'><strong>ejusmodi</strong></span> <span class='ocrx_word' id='word_1_272' title='bbox 262 4089 400 4146; x_wconf 73' lang='lat' dir='ltr'><strong>vocabula</strong></span> <span class='ocrx_word' id='word_1_273' title='bbox 412 4111 473 4148; x_wconf 90' lang='lat' dir='ltr'><strong>esse</strong></span> <span class='ocrx_word' id='word_1_274' title='bbox 484 4091 599 4155; x_wconf 89' lang='lat' dir='ltr'><strong>debent,</strong></span> <span class='ocrx_word' id='word_1_275' title='bbox 612 4103 766 4166; x_wconf 88' lang='lat' dir='ltr'><strong>antequam</strong></span> <span class='ocrx_word' id='word_1_276' title='bbox 779 4088 867 4146; x_wconf 83' lang='lat' dir='ltr'><strong>verba</strong></span> 
     </span>
     <span class='ocr_line' id='line_1_45' title="bbox 103 4169 865 4254; baseline 0.009 -30"><span class='ocrx_word' id='word_1_277' title='bbox 103 4169 170 4229; x_wconf 88' lang='lat' dir='ltr'><strong>inde</strong></span> <span class='ocrx_word' id='word_1_278' title='bbox 184 4176 250 4250; x_wconf 84' lang='lat' dir='ltr'><strong>lingi</strong></span> <span class='ocrx_word' id='word_1_279' title='bbox 265 4179 392 4252; x_wconf 87' lang='lat' dir='ltr'><strong>possint,</strong></span> <span class='ocrx_word' id='word_1_280' title='bbox 408 4200 531 4254; x_wconf 89' lang='lat' dir='ltr'><strong>qnorum</strong></span> <span class='ocrx_word' id='word_1_281' title='bbox 544 4200 643 4237; x_wconf 89' lang='lat' dir='ltr'><strong>sensus</strong></span> <span class='ocrx_word' id='word_1_282' title='bbox 656 4200 692 4236; x_wconf 81' lang='lat' dir='ltr'><strong>ex</strong></span> <span class='ocrx_word' id='word_1_283' title='bbox 704 4179 865 4254; x_wconf 86' lang='lat' dir='ltr'><strong>composito</strong></span> 
     </span>
     <span class='ocr_line' id='line_1_46' title="bbox 104 4255 863 4345; baseline 0.016 -37"><span class='ocrx_word' id='word_1_284' title='bbox 104 4255 286 4317; x_wconf 75' lang='lat' dir='ltr'><strong>substantivo</strong></span> <span class='ocrx_word' id='word_1_285' title='bbox 306 4264 450 4337; x_wconf 88' lang='lat' dir='ltr'><strong>pendent:</strong></span> <span class='ocrx_word' id='word_1_286' title='bbox 468 4277 496 4321; x_wconf 90' lang='lat' dir='ltr'><strong>at</strong></span> <span class='ocrx_word' id='word_1_287' title='bbox 516 4265 734 4345; x_wconf 74' lang='grc' dir='ltr'>ἀμριὺραχιονίου</span> <span class='ocrx_word' id='word_1_288' title='bbox 753 4265 863 4321; x_wconf 83' lang='grc' dir='ltr'>ιιιιΙΙιιιιι</span> 
     </span>
     <span class='ocr_line' id='line_1_47' title="bbox 103 4349 865 4427; baseline 0.014 -32"><span class='ocrx_word' id='word_1_289' title='bbox 103 4357 223 4417; x_wconf 80' lang='lat' dir='ltr'><strong>usquam</strong></span> <span class='ocrx_word' id='word_1_290' title='bbox 239 4349 401 4423; x_wconf 71' lang='lat' dir='ltr'><strong>vestigium.</strong></span> <span class='ocrx_word' id='word_1_291' title='bbox 426 4352 521 4419; x_wconf 83' lang='lat' dir='ltr'><strong>Quare</strong></span> <span class='ocrx_word' id='word_1_292' title='bbox 536 4353 692 4409; x_wconf 89' lang='lat' dir='ltr'><strong>secundnm</strong></span> <span class='ocrx_word' id='word_1_293' title='bbox 715 4352 865 4427; x_wconf 88' lang='lat' dir='ltr'><strong>conjectu-</strong></span> 
     </span>
     <span class='ocr_line' id='line_1_48' title="bbox 103 4432 863 4514; baseline 0.018 -34"><span class='ocrx_word' id='word_1_294' title='bbox 103 4443 163 4483; x_wconf 86' lang='lat' dir='ltr'><strong>ram</strong></span> <span class='ocrx_word' id='word_1_295' title='bbox 186 4432 261 4488; x_wconf 88' lang='lat' dir='ltr'><strong>illam</strong></span> <span class='ocrx_word' id='word_1_296' title='bbox 277 4435 317 4491; x_wconf 91' lang='lat' dir='ltr'><strong>ita</strong></span> <span class='ocrx_word' id='word_1_297' title='bbox 335 4435 396 4511; x_wconf 85' lang='lat' dir='ltr'><strong>jam</strong></span> <span class='ocrx_word' id='word_1_298' title='bbox 419 4457 534 4493; x_wconf 85' lang='lat' dir='ltr'><strong>necesso</strong></span> <span class='ocrx_word' id='word_1_299' title='bbox 552 4452 594 4495; x_wconf 89' lang='lat' dir='ltr'><strong>est</strong></span> <span class='ocrx_word' id='word_1_300' title='bbox 612 4441 748 4514; x_wconf 91' lang='lat' dir='ltr'><strong>loquatur</strong></span> <span class='ocrx_word' id='word_1_301' title='bbox 770 4439 863 4508; x_wconf 74' lang='lat' dir='ltr'><strong>Asius,</strong></span> 
     </span>
     <span class='ocr_line' id='line_1_49' title="bbox 102 4518 863 4592; baseline 0.013 -19"><span class='ocrx_word' id='word_1_302' title='bbox 102 4550 110 4561; x_wconf 90' lang='lat'><strong>··</strong></span> <span class='ocrx_word' id='word_1_303' title='bbox 123 4518 248 4591; x_wconf 79' lang='grc' dir='ltr'>χλιδῶνες</span> <span class='ocrx_word' id='word_1_304' title='bbox 263 4522 433 4581; x_wconf 83' lang='lat' dir='ltr'><strong>bellatorem</strong></span> <span class='ocrx_word' id='word_1_305' title='bbox 457 4530 724 4592; x_wconf 78' lang='lat' dir='ltr'><strong>circmnbraclnant.</strong></span> <span class='ocrx_word' id='word_1_306' title='bbox 739 4555 750 4579; x_wconf 83' lang='lat' dir='ltr'><strong>n</strong></span> <span class='ocrx_word' id='word_1_307' title='bbox 773 4528 863 4584; x_wconf 84' lang='lat' dir='ltr'><strong>verbo</strong></span> 
     </span>
     <span class='ocr_line' id='line_1_50' title="bbox 101 4608 861 4687; baseline 0.012 -27"><span class='ocrx_word' id='word_1_308' title='bbox 101 4623 160 4662; x_wconf 91' lang='lat' dir='ltr'><strong>non</strong></span> <span class='ocrx_word' id='word_1_309' title='bbox 172 4608 309 4666; x_wconf 79' lang='lat' dir='ltr'><strong>aridaeius</strong></span> <span class='ocrx_word' id='word_1_310' title='bbox 322 4630 375 4668; x_wconf 91' lang='lat' dir='ltr'><strong>nec</strong></span> <span class='ocrx_word' id='word_1_311' title='bbox 387 4632 463 4668; x_wconf 87' lang='lat' dir='ltr'><strong>nove</strong></span> <span class='ocrx_word' id='word_1_312' title='bbox 475 4613 565 4687; x_wconf 88' lang='lat' dir='ltr'><strong>magis</strong></span> <span class='ocrx_word' id='word_1_313' title='bbox 577 4633 612 4669; x_wconf 80' lang='lat' dir='ltr'><strong>ex</strong></span> <span class='ocrx_word' id='word_1_314' title='bbox 623 4614 710 4671; x_wconf 89' lang='lat' dir='ltr'><strong>Plinii</strong></span> <span class='ocrx_word' id='word_1_315' title='bbox 728 4614 861 4670; x_wconf 81' lang='lat' dir='ltr'><strong>brachia-</strong></span> 
     </span>
    </p>
   </div>
   <div class='ocr_carea' id='block_1_5' title="bbox 460 4838 504 4886">
    <p class='ocr_par' dir='ltr' id='par_1_7' title="bbox 460 4838 504 4886">
     <span class='ocr_line' id='line_1_51' title="bbox 460 4838 504 4886; baseline -0.068 1"><span class='ocrx_word' id='word_1_316' title='bbox 460 4838 504 4886; x_wconf 76' lang='lat' dir='ltr'><strong>ta.</strong></span> 
     </span>
    </p>
   </div>
   <div class='ocr_carea' id='block_1_6' title="bbox 100 4929 862 5069">
    <p class='ocr_par' dir='ltr' id='par_1_8' title="bbox 100 4929 862 5069">
     <span class='ocr_line' id='line_1_52' title="bbox 131 4929 862 5005; baseline 0.027 -25"><span class='ocrx_word' id='word_1_317' title='bbox 131 4929 409 5005; x_wconf 69' lang='lat' dir='ltr'><strong>samasiensium,</strong></span> <span class='ocrx_word' id='word_1_318' title='bbox 432 4943 546 5003; x_wconf 85' lang='lat' dir='ltr'><strong>antiquus</strong></span> <span class='ocrx_word' id='word_1_319' title='bbox 571 4942 625 5003; x_wconf 83' lang='lat' dir='ltr'><strong>ille,</strong></span> <span class='ocrx_word' id='word_1_320' title='bbox 643 4943 705 4993; x_wconf 79' lang='lat' dir='ltr'><strong>dixit</strong></span> <span class='ocrx_word' id='word_1_321' title='bbox 725 4943 862 5000; x_wconf 72' lang='grc' dir='ltr'>κνισοκόλαξ</span> 
     </span>
     <span class='ocr_line' id='line_1_53' title="bbox 100 4992 658 5069; baseline 0.041 -30"><span class='ocrx_word' id='word_1_322' title='bbox 100 4992 187 5034; x_wconf 60' lang='lat' dir='ltr'><strong>idm*-</strong></span> <span class='ocrx_word' id='word_1_323' title='bbox 201 5008 287 5051; x_wconf 83' lang='lat' dir='ltr'><strong>caussa</strong></span> <span class='ocrx_word' id='word_1_324' title='bbox 299 5007 432 5069; x_wconf 79' lang='lat' dir='ltr'><strong>adulator),</strong></span> <span class='ocrx_word' id='word_1_325' title='bbox 444 5011 469 5059; x_wconf 87' lang='lat' dir='ltr'><strong>in</strong></span> <span class='ocrx_word' id='word_1_326' title='bbox 481 5012 639 5064; x_wconf 71' lang='lat' dir='ltr'><strong>bravonibus</strong></span> <span class='ocrx_word' id='word_1_327' title='bbox 652 5030 658 5062; x_wconf 76' lang='grc' dir='ltr'>ι</span> 
     </span>
    </p>
   </div>
   <div class='ocr_carea' id='block_1_7' title="bbox 904 459 1655 1345">
    <p class='ocr_par' dir='ltr' id='par_1_9' title="bbox 904 459 1655 1345">
     <span class='ocr_line' id='line_1_54' title="bbox 904 459 1644 539; baseline 0.001 -21"><span class='ocrx_word' id='word_1_328' title='bbox 904 482 1036 539; x_wconf 77' lang='lat' dir='ltr'><strong>rogamus</strong></span> <span class='ocrx_word' id='word_1_329' title='bbox 1061 459 1138 518; x_wconf 82' lang='lat' dir='ltr'><strong>viros</strong></span> <span class='ocrx_word' id='word_1_330' title='bbox 1166 459 1282 516; x_wconf 80' lang='lat' dir='ltr'><strong>doctos</strong></span> <span class='ocrx_word' id='word_1_331' title='bbox 1311 460 1375 537; x_wconf 90' lang='lat' dir='ltr'><strong>qui</strong></span> <span class='ocrx_word' id='word_1_332' title='bbox 1414 477 1479 516; x_wconf 88' lang='lat' dir='ltr'><strong>eam</strong></span> <span class='ocrx_word' id='word_1_333' title='bbox 1503 460 1644 535; x_wconf 70' lang='lat' dir='ltr'><strong>conjectu·</strong></span> 
     </span>
     <span class='ocr_line' id='line_1_55' title="bbox 905 543 1646 625; baseline -0.003 -20"><span class='ocrx_word' id='word_1_334' title='bbox 905 550 1065 625; x_wconf 84' lang='lat' dir='ltr'><strong>probarunt</strong></span> <span class='ocrx_word' id='word_1_335' title='bbox 1075 559 1104 605; x_wconf 89' lang='lat' dir='ltr'><strong>et</strong></span> <span class='ocrx_word' id='word_1_336' title='bbox 1124 547 1155 604; x_wconf 91' lang='lat' dir='ltr'><strong>in</strong></span> <span class='ocrx_word' id='word_1_337' title='bbox 1169 547 1240 623; x_wconf 90' lang='lat' dir='ltr'><strong>ipsa</strong></span> <span class='ocrx_word' id='word_1_338' title='bbox 1264 543 1373 603; x_wconf 83' lang='lat' dir='ltr'><strong>verba</strong></span> <span class='ocrx_word' id='word_1_339' title='bbox 1396 558 1496 622; x_wconf 74' lang='lat' dir='ltr'><strong>poetae</strong></span> <span class='ocrx_word' id='word_1_340' title='bbox 1509 546 1646 603; x_wconf 70' lang='lat' dir='ltr'><strong>adrnisenra</strong></span> 
     </span>
     <span class='ocr_line' id='line_1_56' title="bbox 905 633 1647 713; baseline -0.004 -22"><span class='ocrx_word' id='word_1_341' title='bbox 905 637 1041 713; x_wconf 87' lang='lat' dir='ltr'><strong>quidnam</strong></span> <span class='ocrx_word' id='word_1_342' title='bbox 1052 634 1256 710; x_wconf 78' lang='lat' dir='ltr'><strong>judicaverint</strong></span> <span class='ocrx_word' id='word_1_343' title='bbox 1276 633 1320 691; x_wconf 87' lang='lat' dir='ltr'><strong>de</strong></span> <span class='ocrx_word' id='word_1_344' title='bbox 1336 633 1472 692; x_wconf 83' lang='lat' dir='ltr'><strong>Doride.</strong></span> <span class='ocrx_word' id='word_1_345' title='bbox 1486 635 1513 691; x_wconf 86' lang='lat' dir='ltr'><strong>ls</strong></span> <span class='ocrx_word' id='word_1_346' title='bbox 1528 635 1647 711; x_wconf 67' lang='lat' dir='ltr'><strong>cniuaqe</strong></span> 
     </span>
     <span class='ocr_line' id='line_1_57' title="bbox 904 716 1648 797; baseline -0.007 -17"><span class='ocrx_word' id='word_1_347' title='bbox 904 722 1002 780; x_wconf 83' lang='grc' dir='ltr'>τίὺεται</span> <span class='ocrx_word' id='word_1_348' title='bbox 1016 719 1100 780; x_wconf 74' lang='grc' dir='ltr'>Ἀσίαν</span> <span class='ocrx_word' id='word_1_349' title='bbox 1119 718 1290 796; x_wconf 77' lang='grc' dir='ltr'>ποιήματα,</span> <span class='ocrx_word' id='word_1_350' title='bbox 1311 722 1348 778; x_wconf 90' lang='lat' dir='ltr'><strong>in</strong></span> <span class='ocrx_word' id='word_1_351' title='bbox 1373 718 1491 797; x_wconf 83' lang='lat' dir='ltr'><strong>quibus</strong></span> <span class='ocrx_word' id='word_1_352' title='bbox 1508 716 1648 777; x_wconf 80' lang='lat' dir='ltr'><strong>nanetuh</strong></span> 
     </span>
     <span class='ocr_line' id='line_1_58' title="bbox 905 806 1650 889; baseline -0.007 -22"><span class='ocrx_word' id='word_1_353' title='bbox 905 808 1012 889; x_wconf 81' lang='grc' dir='ltr'>ίρόρονν</span> <span class='ocrx_word' id='word_1_354' title='bbox 1025 808 1154 887; x_wconf 80' lang='grc' dir='ltr'>χλιδῶνας</span> <span class='ocrx_word' id='word_1_355' title='bbox 1167 807 1232 887; x_wconf 73' lang='grc' dir='ltr'>περὶ</span> <span class='ocrx_word' id='word_1_356' title='bbox 1247 816 1311 874; x_wconf 85' lang='grc' dir='ltr'>τοῖς</span> <span class='ocrx_word' id='word_1_357' title='bbox 1329 806 1485 887; x_wconf 87' lang='grc' dir='ltr'>βραχίοσιν</span> <span class='ocrx_word' id='word_1_358' title='bbox 1497 830 1505 866; x_wconf 77' lang='lat' dir='ltr'>z</span> <span class='ocrx_word' id='word_1_359' title='bbox 1523 820 1550 864; x_wconf 80' lang='lat' dir='ltr'><strong>at</strong></span> <span class='ocrx_word' id='word_1_360' title='bbox 1563 807 1650 882; x_wconf 81' lang='lat' dir='ltr'><strong>bocqis</strong></span> 
     </span>
     <span class='ocr_line' id='line_1_59' title="bbox 905 892 1651 974; baseline -0.004 -20"><span class='ocrx_word' id='word_1_361' title='bbox 905 898 1011 955; x_wconf 82' lang='lat' dir='ltr'><strong>elliciat</strong></span> <span class='ocrx_word' id='word_1_362' title='bbox 1025 916 1061 953; x_wconf 87' lang='lat' dir='ltr'><strong>ex</strong></span> <span class='ocrx_word' id='word_1_363' title='bbox 1075 895 1141 964; x_wconf 89' lang='lat' dir='ltr'><strong>illis,</strong></span> <span class='ocrx_word' id='word_1_364' title='bbox 1154 894 1294 973; x_wconf 84' lang='grc' dir='ltr'>χλιδῶνες</span> <span class='ocrx_word' id='word_1_365' title='bbox 1309 892 1596 974; x_wconf 71' lang='grc' dir='ltr'>ἅμριΰραχιονίσενας</span> <span class='ocrx_word' id='word_1_366' title='bbox 1606 894 1651 951; x_wconf 72' lang='lat' dir='ltr'><strong>ah</strong></span> 
     </span>
     <span class='ocr_line' id='line_1_60' title="bbox 907 981 1653 1060; baseline -0.004 -21"><span class='ocrx_word' id='word_1_367' title='bbox 907 981 1025 1060; x_wconf 68' lang='grc' dir='ltr'>μισιηνῖ</span> <span class='ocrx_word' id='word_1_368' title='bbox 1047 982 1156 1039; x_wconf 81' lang='lat' dir='ltr'><strong>bellum</strong></span> <span class='ocrx_word' id='word_1_369' title='bbox 1181 1000 1257 1038; x_wconf 86' lang='lat' dir='ltr'><strong>sane</strong></span> <span class='ocrx_word' id='word_1_370' title='bbox 1286 982 1482 1039; x_wconf 83' lang='lat' dir='ltr'><strong>historicum</strong></span> <span class='ocrx_word' id='word_1_371' title='bbox 1504 993 1550 1039; x_wconf 82' lang='lat' dir='ltr'><strong>aut</strong></span> <span class='ocrx_word' id='word_1_372' title='bbox 1567 982 1653 1057; x_wconf 67' lang='lat' dir='ltr'><strong>unqu</strong></span> 
     </span>
     <span class='ocr_line' id='line_1_61' title="bbox 907 1068 1654 1145; baseline -0.003 -18"><span class='ocrx_word' id='word_1_373' title='bbox 907 1071 981 1127; x_wconf 79' lang='lat' dir='ltr'><strong>num</strong></span> <span class='ocrx_word' id='word_1_374' title='bbox 1000 1081 1115 1145; x_wconf 83' lang='lat' dir='ltr'><strong>ageret,</strong></span> <span class='ocrx_word' id='word_1_375' title='bbox 1138 1068 1360 1145; x_wconf 87' lang='lat' dir='ltr'><strong>metaphorica</strong></span> <span class='ocrx_word' id='word_1_376' title='bbox 1387 1068 1514 1127; x_wconf 86' lang='lat' dir='ltr'><strong>dicendi</strong></span> <span class='ocrx_word' id='word_1_377' title='bbox 1529 1087 1612 1145; x_wconf 85' lang='lat' dir='ltr'><strong>geaen</strong></span> <span class='ocrx_word' id='word_1_378' title='bbox 1625 1068 1654 1125; x_wconf 77' lang='grc' dir='ltr'>ια’</span> 
     </span>
     <span class='ocr_line' id='line_1_62' title="bbox 907 1154 1655 1235; baseline 0 -22"><span class='ocrx_word' id='word_1_379' title='bbox 907 1156 964 1213; x_wconf 89' lang='lat' dir='ltr'><strong>hoo</strong></span> <span class='ocrx_word' id='word_1_380' title='bbox 980 1156 1068 1214; x_wconf 91' lang='lat' dir='ltr'><strong>modo</strong></span> <span class='ocrx_word' id='word_1_381' title='bbox 1087 1156 1213 1233; x_wconf 83' lang='lat' dir='ltr'><strong>placeret</strong></span> <span class='ocrx_word' id='word_1_382' title='bbox 1236 1156 1403 1235; x_wconf 83' lang='lat' dir='ltr'><strong>accipere.</strong></span> <span class='ocrx_word' id='word_1_383' title='bbox 1423 1158 1526 1215; x_wconf 78' lang='lat' dir='ltr'><strong>Faceta</strong></span> <span class='ocrx_word' id='word_1_384' title='bbox 1546 1158 1567 1213; x_wconf 89' lang='lat' dir='ltr'><strong>is</strong></span> <span class='ocrx_word' id='word_1_385' title='bbox 1585 1154 1655 1231; x_wconf 73' lang='lat' dir='ltr'><strong>dept-</strong></span> 
     </span>
     <span class='ocr_line' id='line_1_63' title="bbox 909 1242 1649 1345; baseline -0.003 -44"><span class='ocrx_word' id='word_1_386' title='bbox 909 1243 1049 1301; x_wconf 89' lang='lat' dir='ltr'><strong>henderet</strong></span> <span class='ocrx_word' id='word_1_387' title='bbox 1061 1244 1089 1300; x_wconf 94' lang='lat' dir='ltr'><strong>in</strong></span> <span class='ocrx_word' id='word_1_388' title='bbox 1112 1242 1167 1299; x_wconf 89' lang='lat' dir='ltr'><strong>hoc</strong></span> <span class='ocrx_word' id='word_1_389' title='bbox 1180 1243 1291 1316; x_wconf 88' lang='lat' dir='ltr'><strong>Ennii,</strong></span> <span class='ocrx_word' id='word_1_390' title='bbox 1583 1268 1649 1345; x_wconf 65' lang='lat' dir='ltr'><strong>[qm</strong></span> 
     </span>
    </p>
   </div>
   <div class='ocr_carea' id='block_1_8' title="bbox 967 1347 1655 1425">
    <p class='ocr_par' dir='ltr' id='par_1_10' title="bbox 967 1347 1655 1425">
     <span class='ocr_line' id='line_1_64' title="bbox 967 1347 1655 1425; baseline -0.006 -18"><span class='ocrx_word' id='word_1_391' title='bbox 967 1351 1094 1407; x_wconf 81' lang='lat' dir='ltr'><strong>l&#39;crrunt</strong></span> <span class='ocrx_word' id='word_1_392' title='bbox 1108 1347 1260 1424; x_wconf 84' lang='lat' dir='ltr'><strong>extemplo</strong></span> <span class='ocrx_word' id='word_1_393' title='bbox 1277 1347 1448 1425; x_wconf 80' lang='lat' dir='ltr'><strong>placidom</strong></span> <span class='ocrx_word' id='word_1_394' title='bbox 1463 1368 1542 1405; x_wconf 82' lang='lat' dir='ltr'><strong>mare</strong></span> <span class='ocrx_word' id='word_1_395' title='bbox 1556 1364 1655 1403; x_wconf 80' lang='grc' dir='ltr'>ιιιιιιοιτε</span> 
     </span>
    </p>
   </div>
   <div class='ocr_carea' id='block_1_9' title="bbox 909 1452 1658 2381">
    <p class='ocr_par' dir='ltr' id='par_1_11' title="bbox 909 1452 1658 2381">
     <span class='ocr_line' id='line_1_65' title="bbox 947 1452 1656 1531; baseline 0.001 -21"><span class='ocrx_word' id='word_1_396' title='bbox 947 1453 1085 1529; x_wconf 83' lang='lat' dir='ltr'><strong>Superest</strong></span> <span class='ocrx_word' id='word_1_397' title='bbox 1113 1453 1143 1509; x_wconf 92' lang='lat' dir='ltr'><strong>in</strong></span> <span class='ocrx_word' id='word_1_398' title='bbox 1166 1471 1256 1509; x_wconf 87' lang='lat' dir='ltr'><strong>versu</strong></span> <span class='ocrx_word' id='word_1_399' title='bbox 1286 1453 1306 1508; x_wconf 89' lang='grc'>6</span> <span class='ocrx_word' id='word_1_400' title='bbox 1329 1454 1494 1529; x_wconf 83' lang='lat' dir='ltr'><strong>particula</strong></span> <span class='ocrx_word' id='word_1_401' title='bbox 1516 1452 1563 1531; x_wconf 72' lang='grc' dir='ltr'>ἄρ’,</span> <span class='ocrx_word' id='word_1_402' title='bbox 1581 1452 1656 1529; x_wconf 63' lang='lat' dir='ltr'><strong>dep</strong></span> 
     </span>
     <span class='ocr_line' id='line_1_66' title="bbox 909 1536 1657 1616; baseline -0.004 -18"><span class='ocrx_word' id='word_1_403' title='bbox 909 1540 1034 1606; x_wconf 76' lang='lat' dir='ltr'><strong>h&#39;aehius,</strong></span> <span class='ocrx_word' id='word_1_404' title='bbox 1058 1540 1166 1596; x_wconf 79' lang='lat' dir='ltr'><strong>«inane</strong></span> <span class='ocrx_word' id='word_1_405' title='bbox 1182 1558 1290 1596; x_wconf 83' lang='lat' dir='ltr'><strong>versus</strong></span> <span class='ocrx_word' id='word_1_406' title='bbox 1312 1540 1455 1597; x_wconf 76' lang='lat' dir='ltr'><strong>fulcrum</strong></span> <span class='ocrx_word' id='word_1_407' title='bbox 1476 1552 1539 1606; x_wconf 88' lang='lat' dir='ltr'><strong>est,</strong></span> <span class='ocrx_word' id='word_1_408' title='bbox 1557 1536 1657 1616; x_wconf 62' lang='lat' dir='ltr'><strong>qualtd</strong></span> 
     </span>
     <span class='ocr_line' id='line_1_67' title="bbox 909 1626 1657 1703; baseline 0 -20"><span class='ocrx_word' id='word_1_409' title='bbox 909 1627 978 1684; x_wconf 77' lang='lat' dir='ltr'><strong>,lsio</strong></span> <span class='ocrx_word' id='word_1_410' title='bbox 1000 1627 1161 1703; x_wconf 79' lang='lat' dir='ltr'><strong>profectum</strong></span> <span class='ocrx_word' id='word_1_411' title='bbox 1180 1645 1243 1683; x_wconf 85' lang='lat' dir='ltr'><strong>esse</strong></span> <span class='ocrx_word' id='word_1_412' title='bbox 1258 1626 1315 1683; x_wconf 82' lang='lat' dir='ltr'><strong>vix</strong></span> <span class='ocrx_word' id='word_1_413' title='bbox 1334 1628 1458 1703; x_wconf 89' lang='lat' dir='ltr'><strong>potuit.</strong></span> <span class='ocrx_word' id='word_1_414' title='bbox 1470 1652 1484 1679; x_wconf 73' lang='grc' dir='ltr'>ν</span> <span class='ocrx_word' id='word_1_415' title='bbox 1505 1626 1657 1685; x_wconf 76' lang='lat' dir='ltr'><strong>Veredietn</strong></span> 
     </span>
     <span class='ocr_line' id='line_1_68' title="bbox 909 1711 1658 1791; baseline 0 -22"><span class='ocrx_word' id='word_1_416' title='bbox 909 1712 1046 1781; x_wconf 81' lang='lat' dir='ltr'><strong>videtur3</strong></span> <span class='ocrx_word' id='word_1_417' title='bbox 1070 1711 1119 1769; x_wconf 87' lang='lat' dir='ltr'><strong>sed</strong></span> <span class='ocrx_word' id='word_1_418' title='bbox 1142 1712 1266 1769; x_wconf 90' lang='lat' dir='ltr'><strong>nonita</strong></span> <span class='ocrx_word' id='word_1_419' title='bbox 1292 1712 1410 1771; x_wconf 89' lang='lat' dir='ltr'><strong>habito</strong></span> <span class='ocrx_word' id='word_1_420' title='bbox 1434 1716 1467 1771; x_wconf 89' lang='lat' dir='ltr'><strong>in</strong></span> <span class='ocrx_word' id='word_1_421' title='bbox 1492 1714 1582 1791; x_wconf 78' lang='lat' dir='ltr'><strong>Epitis</strong></span> <span class='ocrx_word' id='word_1_422' title='bbox 1598 1712 1658 1769; x_wconf 67' lang='lat' dir='ltr'><strong>ath</strong></span> 
     </span>
     <span class='ocr_line' id='line_1_69' title="bbox 910 1797 1658 1876; baseline 0.001 -20"><span class='ocrx_word' id='word_1_423' title='bbox 910 1799 963 1857; x_wconf 89' lang='lat' dir='ltr'><strong>hac</strong></span> <span class='ocrx_word' id='word_1_424' title='bbox 981 1818 1012 1855; x_wconf 89' lang='lat' dir='ltr'><strong>re</strong></span> <span class='ocrx_word' id='word_1_425' title='bbox 1031 1799 1226 1876; x_wconf 90' lang='lat' dir='ltr'><strong>pronuntiem.</strong></span> <span class='ocrx_word' id='word_1_426' title='bbox 1252 1824 1264 1847; x_wconf 74' lang='grc' dir='ltr'>ι</span> <span class='ocrx_word' id='word_1_427' title='bbox 1280 1800 1444 1858; x_wconf 87' lang='lat' dir='ltr'><strong>ludicium</strong></span> <span class='ocrx_word' id='word_1_428' title='bbox 1469 1802 1585 1857; x_wconf 80' lang='lat' dir='ltr'><strong>fortasse</strong></span> <span class='ocrx_word' id='word_1_429' title='bbox 1600 1797 1658 1857; x_wconf 79' lang='lat' dir='ltr'><strong>hle</strong></span> 
     </span>
     <span class='ocr_line' id='line_1_70' title="bbox 910 1883 1658 1967; baseline 0.003 -24"><span class='ocrx_word' id='word_1_430' title='bbox 910 1886 989 1943; x_wconf 83' lang='lat' dir='ltr'><strong>vocis</strong></span> <span class='ocrx_word' id='word_1_431' title='bbox 1002 1906 1067 1962; x_wconf 84' lang='lat' dir='ltr'><strong>quae</strong></span> <span class='ocrx_word' id='word_1_432' title='bbox 1079 1886 1149 1943; x_wconf 90' lang='lat' dir='ltr'><strong>olim</strong></span> <span class='ocrx_word' id='word_1_433' title='bbox 1163 1883 1339 1962; x_wconf 83' lang='lat' dir='ltr'><strong>legebatur,</strong></span> <span class='ocrx_word' id='word_1_434' title='bbox 1360 1886 1518 1967; x_wconf 68' lang='grc' dir='ltr'>ἀριπρεπές</span> <span class='ocrx_word' id='word_1_435' title='bbox 1532 1899 1580 1945; x_wconf 79' lang='lat' dir='ltr'><strong>aut</strong></span> <span class='ocrx_word' id='word_1_436' title='bbox 1592 1884 1658 1965; x_wconf 52' lang='lat' dir='ltr'><strong>lyd·</strong></span> 
     </span>
     <span class='ocr_line' id='line_1_71' title="bbox 909 1970 1657 2053; baseline 0.004 -22"><span class='ocrx_word' id='word_1_437' title='bbox 909 1995 959 2039; x_wconf 88' lang='grc' dir='ltr'>τις.</span> <span class='ocrx_word' id='word_1_438' title='bbox 971 2000 983 2025; x_wconf 80' lang='grc' dir='ltr'>ν</span> <span class='ocrx_word' id='word_1_439' title='bbox 995 1978 1189 2045; x_wconf 83' lang='lat' dir='ltr'><strong>llermannus,</strong></span> <span class='ocrx_word' id='word_1_440' title='bbox 1201 1970 1335 2051; x_wconf 70' lang='grc' dir='ltr'>ἀρηρότος</span> <span class='ocrx_word' id='word_1_441' title='bbox 1344 1972 1560 2053; x_wconf 66' lang='grc' dir='ltr'><strong>ἀμφοτέρωθεν,</strong></span> <span class='ocrx_word' id='word_1_442' title='bbox 1571 1974 1657 2033; x_wconf 66' lang='lat' dir='ltr'><strong>fleti·</strong></span> 
     </span>
     <span class='ocr_line' id='line_1_72' title="bbox 911 2057 1657 2141; baseline 0.007 -26"><span class='ocrx_word' id='word_1_443' title='bbox 911 2057 1064 2139; x_wconf 73' lang='grc' dir='ltr'>ἀριπρεπέες</span> <span class='ocrx_word' id='word_1_444' title='bbox 1075 2057 1225 2139; x_wconf 80' lang='grc' dir='ltr'>ἐροίνησαν,</span> <span class='ocrx_word' id='word_1_445' title='bbox 1246 2059 1385 2136; x_wconf 90' lang='lat' dir='ltr'><strong>probato</strong></span> <span class='ocrx_word' id='word_1_446' title='bbox 1401 2062 1500 2121; x_wconf 79' lang='lat' dir='ltr'><strong>Naelsii</strong></span> <span class='ocrx_word' id='word_1_447' title='bbox 1516 2058 1657 2141; x_wconf 71' lang='grc' dir='ltr'>δμγιδριιχτ·</span> 
     </span>
     <span class='ocr_line' id='line_1_73' title="bbox 910 2145 1658 2227; baseline 0.005 -24"><span class='ocrx_word' id='word_1_448' title='bbox 910 2150 1004 2225; x_wconf 45' lang='lat' dir='ltr'><strong>stopa}</strong></span> <span class='ocrx_word' id='word_1_449' title='bbox 1016 2148 1135 2205; x_wconf 84' lang='lat' dir='ltr'><strong>-Sine</strong></span> <span class='ocrx_word' id='word_1_450' title='bbox 1147 2145 1321 2203; x_wconf 90' lang='lat' dir='ltr'><strong>dubiocum</strong></span> <span class='ocrx_word' id='word_1_451' title='bbox 1335 2148 1443 2207; x_wconf 87' lang='lat' dir='ltr'><strong>ironia</strong></span> <span class='ocrx_word' id='word_1_452' title='bbox 1460 2150 1583 2227; x_wconf 80' lang='lat' dir='ltr'><strong>quadam</strong></span> <span class='ocrx_word' id='word_1_453' title='bbox 1596 2146 1658 2227; x_wconf 69' lang='lat' dir='ltr'><strong>pingi</strong></span> 
     </span>
     <span class='ocr_line' id='line_1_74' title="bbox 911 2234 1658 2313; baseline 0.005 -22"><span class='ocrx_word' id='word_1_454' title='bbox 911 2235 996 2291; x_wconf 73' lang='lat' dir='ltr'><strong>Asius</strong></span> <span class='ocrx_word' id='word_1_455' title='bbox 1015 2234 1092 2292; x_wconf 91' lang='lat' dir='ltr'><strong>illam</strong></span> <span class='ocrx_word' id='word_1_456' title='bbox 1110 2252 1248 2311; x_wconf 86' lang='lat' dir='ltr'><strong>pompam</strong></span> <span class='ocrx_word' id='word_1_457' title='bbox 1263 2234 1464 2310; x_wconf 67' lang='lat' dir='ltr'><strong>iunoniam,</strong></span> <span class='ocrx_word' id='word_1_458' title='bbox 1486 2236 1536 2297; x_wconf 86' lang='lat' dir='ltr'><strong>sed</strong></span> <span class='ocrx_word' id='word_1_459' title='bbox 1559 2264 1572 2289; x_wconf 88' lang='grc' dir='ltr'>ι</span> <span class='ocrx_word' id='word_1_460' title='bbox 1579 2236 1658 2313; x_wconf 77' lang='lat' dir='ltr'><strong>joun</strong></span> 
     </span>
     <span class='ocr_line' id='line_1_75' title="bbox 911 2318 1087 2381; baseline 0 -2"><span class='ocrx_word' id='word_1_461' title='bbox 911 2320 980 2379; x_wconf 90' lang='lat' dir='ltr'><strong>hinc</strong></span> <span class='ocrx_word' id='word_1_462' title='bbox 996 2318 1087 2381; x_wconf 85' lang='lat' dir='ltr'><strong>abest.</strong></span> 
     </span>
    </p>
   </div>
   <div class='ocr_carea' id='block_1_10' title="bbox 1213 2398 1383 2565">
    <p class='ocr_par' dir='ltr' id='par_1_12' title="bbox 1213 2398 1383 2565">
     <span class='ocr_line' id='line_1_76' title="bbox 1270 2399 1284 2457; baseline 0 0"><span class='ocrx_word' id='word_1_463' title='bbox 1270 2399 1284 2457; x_wconf 88' lang='lat'>1</span> 
     </span>
     <span class='ocr_line' id='line_1_77' title="bbox 1213 2398 1383 2565; baseline 0.018 -3"><span class='ocrx_word' id='word_1_464' title='bbox 1213 2398 1383 2565; x_wconf 51' lang='lat' dir='ltr'><strong>ELEgIAE.</strong></span> 
     </span>
    </p>
   </div>
   <div class='ocr_carea' id='block_1_11' title="bbox 908 2606 1697 4690">
    <p class='ocr_par' dir='ltr' id='par_1_13' title="bbox 912 2606 1663 3099">
     <span class='ocr_line' id='line_1_78' title="bbox 952 2606 1662 2687; baseline 0.003 -22"><span class='ocrx_word' id='word_1_465' title='bbox 952 2606 1106 2665; x_wconf 73' lang='lat' dir='ltr'><strong>Athenaeus</strong></span> <span class='ocrx_word' id='word_1_466' title='bbox 1125 2606 1178 2672; x_wconf 88' lang='lat' dir='ltr'><strong>lll,</strong></span> <span class='ocrx_word' id='word_1_467' title='bbox 1192 2624 1220 2682; x_wconf 93' lang='lat' dir='ltr'><strong>p.</strong></span> <span class='ocrx_word' id='word_1_468' title='bbox 1238 2606 1305 2678; x_wconf 74' lang='lat'><strong>125,</strong></span> <span class='ocrx_word' id='word_1_469' title='bbox 1318 2607 1342 2665; x_wconf 87' lang='lat' dir='ltr'>B</span> <span class='ocrx_word' id='word_1_470' title='bbox 1355 2619 1388 2665; x_wconf 91' lang='lat' dir='ltr'><strong>et</strong></span> <span class='ocrx_word' id='word_1_471' title='bbox 1402 2609 1432 2666; x_wconf 88' lang='lat' dir='ltr'>D</span> <span class='ocrx_word' id='word_1_472' title='bbox 1446 2629 1455 2664; x_wconf 74' lang='grc' dir='ltr'><strong><em>ε</em></strong></span> <span class='ocrx_word' id='word_1_473' title='bbox 1471 2606 1662 2687; x_wconf 80' lang='grc' dir='ltr'>Κνισολοίχίςτιι</span> 
     </span>
     <span class='ocr_line' id='line_1_79' title="bbox 914 2683 1663 2770; baseline 0.005 -18"><span class='ocrx_word' id='word_1_474' title='bbox 914 2683 939 2752; x_wconf 74' lang='grc' dir='ltr'><strong>εἶ</strong></span> <span class='ocrx_word' id='word_1_475' title='bbox 949 2693 993 2752; x_wconf 81' lang='grc' dir='ltr'>καλ</span> <span class='ocrx_word' id='word_1_476' title='bbox 1011 2690 1080 2751; x_wconf 85' lang='grc' dir='ltr'>κατδι</span> <span class='ocrx_word' id='word_1_477' title='bbox 1103 2692 1146 2750; x_wconf 80' lang='grc' dir='ltr'><strong>τὸν</strong></span> <span class='ocrx_word' id='word_1_478' title='bbox 1161 2692 1264 2770; x_wconf 79' lang='grc' dir='ltr'>Σάμιον</span> <span class='ocrx_word' id='word_1_479' title='bbox 1273 2691 1396 2766; x_wconf 67' lang='grc' dir='ltr'>ποιητὴν</span> <span class='ocrx_word' id='word_1_480' title='bbox 1411 2692 1507 2754; x_wconf 80' lang='grc' dir='ltr'>Ἄσιον</span> <span class='ocrx_word' id='word_1_481' title='bbox 1518 2696 1562 2755; x_wconf 67' lang='lat' dir='ltr'><strong>nv</strong></span> <span class='ocrx_word' id='word_1_482' title='bbox 1575 2692 1663 2754; x_wconf 67' lang='lat' dir='ltr'><strong>ntuli</strong></span> 
     </span>
     <span class='ocr_line' id='line_1_80' title="bbox 913 2777 1661 2853; baseline 0.001 -15"><span class='ocrx_word' id='word_1_483' title='bbox 913 2781 1010 2839; x_wconf 75' lang='grc' dir='ltr'>ἐκεῖνον</span> <span class='ocrx_word' id='word_1_484' title='bbox 1023 2778 1069 2839; x_wconf 77' lang='grc' dir='ltr'>καί</span> <span class='ocrx_word' id='word_1_485' title='bbox 1079 2777 1240 2846; x_wconf 75' lang='grc' dir='ltr'>κνισοκόλαξ.</span> <span class='ocrx_word' id='word_1_486' title='bbox 1256 2821 1263 2836; x_wconf 92' lang='grc'>.</span> <span class='ocrx_word' id='word_1_487' title='bbox 1275 2822 1283 2838; x_wconf 95' lang='grc'>.</span> <span class='ocrx_word' id='word_1_488' title='bbox 1295 2824 1304 2837; x_wconf 96' lang='grc'>.</span> <span class='ocrx_word' id='word_1_489' title='bbox 1321 2780 1440 2853; x_wconf 74' lang='grc' dir='ltr'>Ἐζήπι</span> <span class='ocrx_word' id='word_1_490' title='bbox 1452 2782 1661 2849; x_wconf 63' lang='grc' dir='ltr'>ὑωλπιανδς...</span> 
     </span>
     <span class='ocr_line' id='line_1_81' title="bbox 913 2866 1662 2951; baseline 0.009 -26"><span class='ocrx_word' id='word_1_491' title='bbox 913 2867 971 2925; x_wconf 86' lang='grc' dir='ltr'>τίνα</span> <span class='ocrx_word' id='word_1_492' title='bbox 983 2867 1038 2926; x_wconf 73' lang='grc' dir='ltr'>ἐστὶ</span> <span class='ocrx_word' id='word_1_493' title='bbox 1054 2867 1088 2927; x_wconf 73' lang='lat' dir='ltr'><strong>cb</strong></span> <span class='ocrx_word' id='word_1_494' title='bbox 1103 2874 1149 2927; x_wconf 80' lang='grc' dir='ltr'><strong>τοῦ</strong></span> <span class='ocrx_word' id='word_1_495' title='bbox 1165 2866 1250 2928; x_wconf 77' lang='grc' dir='ltr'>Ἀσίου</span> <span class='ocrx_word' id='word_1_496' title='bbox 1264 2866 1317 2939; x_wconf 70' lang='grc' dir='ltr'>ἔπη</span> <span class='ocrx_word' id='word_1_497' title='bbox 1333 2866 1370 2927; x_wconf 74' lang='lat' dir='ltr'><strong>ch</strong></span> <span class='ocrx_word' id='word_1_498' title='bbox 1389 2868 1662 2951; x_wconf 61' lang='lat' dir='ltr'><strong>capiteomnium</strong></span> 
     </span>
     <span class='ocr_line' id='line_1_82' title="bbox 913 2946 1663 3041; baseline 0.009 -29"><span class='ocrx_word' id='word_1_499' title='bbox 913 2978 965 3021; x_wconf 89' lang='grc' dir='ltr'>κος.</span> <span class='ocrx_word' id='word_1_500' title='bbox 984 2953 1027 3013; x_wconf 78' lang='grc' dir='ltr'><strong>Τὰ</strong></span> <span class='ocrx_word' id='word_1_501' title='bbox 1042 2954 1089 3032; x_wconf 69' lang='grc' dir='ltr'><strong>μὲν</strong></span> <span class='ocrx_word' id='word_1_502' title='bbox 1104 2946 1147 3013; x_wconf 79' lang='grc' dir='ltr'><strong>οὑν</strong></span> <span class='ocrx_word' id='word_1_503' title='bbox 1161 2960 1207 3013; x_wconf 85' lang='grc' dir='ltr'><strong>τοῦ</strong></span> <span class='ocrx_word' id='word_1_504' title='bbox 1224 2953 1328 3030; x_wconf 76' lang='grc' dir='ltr'>Ἀσίου,</span> <span class='ocrx_word' id='word_1_505' title='bbox 1349 2953 1403 3037; x_wconf 80' lang='grc' dir='ltr'><strong>ἔρη</strong></span> <span class='ocrx_word' id='word_1_506' title='bbox 1429 2963 1446 3017; x_wconf 85' lang='grc' dir='ltr'><strong>ὁ</strong></span> <span class='ocrx_word' id='word_1_507' title='bbox 1467 2959 1608 3041; x_wconf 78' lang='grc' dir='ltr'>Μυρτίλος,</span> <span class='ocrx_word' id='word_1_508' title='bbox 1626 2955 1663 3027; x_wconf 71' lang='grc' dir='ltr'><strong>δη</strong></span> 
     </span>
     <span class='ocr_line' id='line_1_83' title="bbox 912 3039 1060 3099; baseline 0.007 -1"><span class='ocrx_word' id='word_1_509' title='bbox 912 3041 986 3099; x_wconf 82' lang='grc' dir='ltr'>ταῦτ’</span> <span class='ocrx_word' id='word_1_510' title='bbox 996 3039 1060 3099; x_wconf 83' lang='grc' dir='ltr'>ἔστι·</span> 
     </span>
    </p>

    <p class='ocr_par' dir='ltr' id='par_1_14' title="bbox 973 3146 1652 3337">
     <span class='ocr_line' id='line_1_84' title="bbox 973 3146 1652 3234; baseline 0.01 -25"><span class='ocrx_word' id='word_1_511' title='bbox 973 3148 1078 3223; x_wconf 67' lang='lat' dir='ltr'><strong>halle,</strong></span> <span class='ocrx_word' id='word_1_512' title='bbox 1095 3150 1263 3228; x_wconf 78' lang='grc' dir='ltr'>στιγματίης,</span> <span class='ocrx_word' id='word_1_513' title='bbox 1284 3150 1474 3231; x_wconf 79' lang='grc' dir='ltr'>πολυγήραος,</span> <span class='ocrx_word' id='word_1_514' title='bbox 1487 3146 1548 3222; x_wconf 79' lang='grc' dir='ltr'>ἶσος</span> <span class='ocrx_word' id='word_1_515' title='bbox 1565 3154 1652 3234; x_wconf 54' lang='lat' dir='ltr'><strong>tibist,</strong></span> 
     </span>
     <span class='ocr_line' id='line_1_85' title="bbox 1011 3246 1561 3337; baseline 0.013 -26"><span class='ocrx_word' id='word_1_516' title='bbox 1011 3246 1073 3325; x_wconf 66' lang='grc' dir='ltr'>ἦλθε</span> <span class='ocrx_word' id='word_1_517' title='bbox 1087 3254 1253 3327; x_wconf 76' lang='grc' dir='ltr'>κνισοκολαξ,</span> <span class='ocrx_word' id='word_1_518' title='bbox 1268 3247 1325 3313; x_wconf 72' lang='grc' dir='ltr'>εὖτε</span> <span class='ocrx_word' id='word_1_519' title='bbox 1338 3256 1434 3327; x_wconf 78' lang='grc' dir='ltr'>λίέλης</span> <span class='ocrx_word' id='word_1_520' title='bbox 1449 3260 1561 3337; x_wconf 72' lang='grc' dir='ltr'>ἐγάμει,</span> 
     </span>
    </p>

    <p class='ocr_par' dir='ltr' id='par_1_15' title="bbox 972 3358 1606 3543">
     <span class='ocr_line' id='line_1_86' title="bbox 972 3358 1606 3441; baseline 0.013 -25"><span class='ocrx_word' id='word_1_521' title='bbox 972 3358 1093 3431; x_wconf 79' lang='grc' dir='ltr'>ἄκλητος,</span> <span class='ocrx_word' id='word_1_522' title='bbox 1107 3364 1194 3435; x_wconf 78' lang='grc' dir='ltr'>ζωμοῦ</span> <span class='ocrx_word' id='word_1_523' title='bbox 1208 3358 1384 3438; x_wconf 80' lang='grc' dir='ltr'>κεχρημένος·</span> <span class='ocrx_word' id='word_1_524' title='bbox 1400 3363 1430 3417; x_wconf 77' lang='grc' dir='ltr'><strong>ἐν</strong></span> <span class='ocrx_word' id='word_1_525' title='bbox 1444 3362 1474 3420; x_wconf 84' lang='grc' dir='ltr'><strong>δὲ</strong></span> <span class='ocrx_word' id='word_1_526' title='bbox 1487 3363 1606 3441; x_wconf 77' lang='grc' dir='ltr'>μέσοισιν</span> 
     </span>
     <span class='ocr_line' id='line_1_87' title="bbox 1011 3462 1505 3543; baseline 0.01 -23"><span class='ocrx_word' id='word_1_527' title='bbox 1011 3463 1080 3542; x_wconf 79' lang='grc' dir='ltr'>ἥρως</span> <span class='ocrx_word' id='word_1_528' title='bbox 1094 3463 1208 3533; x_wconf 81' lang='grc' dir='ltr'>εἱσι-η’κει</span> <span class='ocrx_word' id='word_1_529' title='bbox 1222 3462 1347 3543; x_wconf 72' lang='grc' dir='ltr'>βορὺόροο</span> <span class='ocrx_word' id='word_1_530' title='bbox 1366 3462 1505 3533; x_wconf 78' lang='grc' dir='ltr'>ἐξαναδύς.</span> 
     </span>
    </p>

    <p class='ocr_par' dir='ltr' id='par_1_16' title="bbox 908 3568 1697 4690">
     <span class='ocr_line' id='line_1_88' title="bbox 951 3568 1664 3647; baseline 0.01 -25"><span class='ocrx_word' id='word_1_531' title='bbox 951 3571 984 3625; x_wconf 87' lang='lat' dir='ltr'><strong>V.</strong></span> <span class='ocrx_word' id='word_1_532' title='bbox 999 3588 1015 3623; x_wconf 82' lang='lat' dir='ltr'><strong>a</strong></span> <span class='ocrx_word' id='word_1_533' title='bbox 1033 3569 1188 3625; x_wconf 89' lang='lat' dir='ltr'><strong>articulum</strong></span> <span class='ocrx_word' id='word_1_534' title='bbox 1209 3568 1320 3625; x_wconf 88' lang='lat' dir='ltr'><strong>addidit</strong></span> <span class='ocrx_word' id='word_1_535' title='bbox 1340 3568 1626 3647; x_wconf 79' lang='lat' dir='ltr'><strong>Schneighaeuserus</strong></span> <span class='ocrx_word' id='word_1_536' title='bbox 1640 3592 1664 3629; x_wconf 85' lang='grc' dir='ltr'><strong>ιι</strong></span> 
     </span>
     <span class='ocr_line' id='line_1_89' title="bbox 913 3654 1664 3725; baseline 0.011 -15"><span class='ocrx_word' id='word_1_537' title='bbox 913 3654 1077 3723; x_wconf 83' lang='lat' dir='ltr'><strong>Marciano,</strong></span> <span class='ocrx_word' id='word_1_538' title='bbox 1099 3667 1131 3711; x_wconf 90' lang='lat' dir='ltr'><strong>ut</strong></span> <span class='ocrx_word' id='word_1_539' title='bbox 1155 3656 1208 3725; x_wconf 89' lang='lat' dir='ltr'><strong>ait,</strong></span> <span class='ocrx_word' id='word_1_540' title='bbox 1232 3655 1333 3711; x_wconf 83' lang='lat' dir='ltr'><strong>codiee</strong></span> <span class='ocrx_word' id='word_1_541' title='bbox 1356 3669 1385 3712; x_wconf 91' lang='lat' dir='ltr'><strong>ct</strong></span> <span class='ocrx_word' id='word_1_542' title='bbox 1409 3657 1519 3716; x_wconf 83' lang='lat' dir='ltr'><strong>editis:</strong></span> <span class='ocrx_word' id='word_1_543' title='bbox 1536 3660 1587 3717; x_wconf 90' lang='lat' dir='ltr'><strong>sed</strong></span> <span class='ocrx_word' id='word_1_544' title='bbox 1605 3672 1664 3717; x_wconf 81' lang='lat' dir='ltr'><strong>reate</strong></span> 
     </span>
     <span class='ocr_line' id='line_1_90' title="bbox 913 3738 1665 3817; baseline 0.005 -18"><span class='ocrx_word' id='word_1_545' title='bbox 913 3743 1078 3800; x_wconf 89' lang='lat' dir='ltr'><strong>llindorlius</strong></span> <span class='ocrx_word' id='word_1_546' title='bbox 1091 3742 1198 3799; x_wconf 88' lang='lat' dir='ltr'><strong>codicis</strong></span> <span class='ocrx_word' id='word_1_547' title='bbox 1207 3743 1381 3799; x_wconf 87' lang='lat' dir='ltr'><strong>mentionem</strong></span> <span class='ocrx_word' id='word_1_548' title='bbox 1390 3746 1502 3802; x_wconf 84' lang='lat' dir='ltr'><strong>omisit.</strong></span> <span class='ocrx_word' id='word_1_549' title='bbox 1514 3748 1597 3806; x_wconf 81' lang='lat' dir='ltr'><strong>laur.</strong></span> <span class='ocrx_word' id='word_1_550' title='bbox 1606 3738 1665 3817; x_wconf 63' lang='lat' dir='ltr'><strong>{tta</strong></span> 
     </span>
     <span class='ocr_line' id='line_1_91' title="bbox 911 3822 1665 3905; baseline 0.005 -19"><span class='ocrx_word' id='word_1_551' title='bbox 911 3831 1091 3905; x_wconf 75' lang='lat' dir='ltr'><strong>xn.‚epitome</strong></span> <span class='ocrx_word' id='word_1_552' title='bbox 1103 3822 1164 3902; x_wconf 66' lang='grc' dir='ltr'>ἦλθε</span> <span class='ocrx_word' id='word_1_553' title='bbox 1176 3852 1214 3885; x_wconf 90' lang='grc' dir='ltr'><strong>κν.</strong></span> <span class='ocrx_word' id='word_1_554' title='bbox 1222 3830 1315 3887; x_wconf 86' lang='lat' dir='ltr'><strong>Etiam</strong></span> <span class='ocrx_word' id='word_1_555' title='bbox 1326 3831 1353 3885; x_wconf 94' lang='lat' dir='ltr'><strong>in</strong></span> <span class='ocrx_word' id='word_1_556' title='bbox 1367 3831 1485 3889; x_wconf 87' lang='lat' dir='ltr'><strong>minore</strong></span> <span class='ocrx_word' id='word_1_557' title='bbox 1492 3835 1622 3892; x_wconf 80' lang='lat' dir='ltr'><strong>codicum</strong></span> <span class='ocrx_word' id='word_1_558' title='bbox 1629 3854 1665 3891; x_wconf 85' lang='lat' dir='ltr'><strong>au·</strong></span> 
     </span>
     <span class='ocr_line' id='line_1_92' title="bbox 912 3918 1665 3995; baseline 0.009 -23"><span class='ocrx_word' id='word_1_559' title='bbox 912 3919 1043 3974; x_wconf 86' lang='lat' dir='ltr'><strong>ctoritate</strong></span> <span class='ocrx_word' id='word_1_560' title='bbox 1050 3919 1191 3994; x_wconf 85' lang='lat' dir='ltr'><strong>scriptura</strong></span> <span class='ocrx_word' id='word_1_561' title='bbox 1202 3918 1263 3974; x_wconf 89' lang='lat' dir='ltr'><strong>siue</strong></span> <span class='ocrx_word' id='word_1_562' title='bbox 1273 3919 1587 3995; x_wconf 82' lang='lat' dir='ltr'><strong>articulopraesereuda</strong></span> <span class='ocrx_word' id='word_1_563' title='bbox 1594 3924 1665 3980; x_wconf 79' lang='lat' dir='ltr'><strong>sitisse</strong></span> 
     </span>
     <span class='ocr_line' id='line_1_93' title="bbox 912 4004 1664 4067; baseline 0.005 -8"><span class='ocrx_word' id='word_1_564' title='bbox 912 4004 1045 4060; x_wconf 86' lang='lat' dir='ltr'><strong>videtur:</strong></span> <span class='ocrx_word' id='word_1_565' title='bbox 1063 4005 1113 4061; x_wconf 90' lang='lat' dir='ltr'><strong>sed</strong></span> <span class='ocrx_word' id='word_1_566' title='bbox 1128 4004 1359 4061; x_wconf 88' lang='lat' dir='ltr'><strong>antecedentium</strong></span> <span class='ocrx_word' id='word_1_567' title='bbox 1375 4006 1517 4065; x_wconf 86' lang='lat' dir='ltr'><strong>interitus</strong></span> <span class='ocrx_word' id='word_1_568' title='bbox 1530 4010 1664 4067; x_wconf 83' lang='lat' dir='ltr'><strong>certamin</strong></span> 
     </span>
     <span class='ocr_line' id='line_1_94' title="bbox 912 4091 1662 4167; baseline 0.004 -21"><span class='ocrx_word' id='word_1_569' title='bbox 912 4091 964 4147; x_wconf 88' lang='lat' dir='ltr'><strong>hae</strong></span> <span class='ocrx_word' id='word_1_570' title='bbox 980 4112 1011 4147; x_wconf 88' lang='lat' dir='ltr'><strong>re</strong></span> <span class='ocrx_word' id='word_1_571' title='bbox 1022 4091 1163 4167; x_wconf 80' lang='lat' dir='ltr'><strong>judicium</strong></span> <span class='ocrx_word' id='word_1_572' title='bbox 1179 4108 1237 4149; x_wconf 89' lang='lat' dir='ltr'><strong>nou</strong></span> <span class='ocrx_word' id='word_1_573' title='bbox 1251 4092 1388 4148; x_wconf 88' lang='lat' dir='ltr'><strong>admittit.</strong></span> <span class='ocrx_word' id='word_1_574' title='bbox 1400 4127 1437 4136; x_wconf 93' lang='lat'>—</span> <span class='ocrx_word' id='word_1_575' title='bbox 1454 4097 1546 4153; x_wconf 86' lang='lat' dir='ltr'><strong>llleles</strong></span> <span class='ocrx_word' id='word_1_576' title='bbox 1564 4098 1622 4163; x_wconf 90' lang='lat' dir='ltr'><strong>ille,</strong></span> <span class='ocrx_word' id='word_1_577' title='bbox 1639 4096 1662 4151; x_wconf 90' lang='lat' dir='ltr'><strong>ia</strong></span> 
     </span>
     <span class='ocr_line' id='line_1_95' title="bbox 911 4177 1662 4253; baseline 0.004 -20"><span class='ocrx_word' id='word_1_578' title='bbox 911 4178 993 4251; x_wconf 89' lang='lat' dir='ltr'><strong>enjus</strong></span> <span class='ocrx_word' id='word_1_579' title='bbox 1010 4179 1125 4253; x_wconf 90' lang='lat' dir='ltr'><strong>nuptias</strong></span> <span class='ocrx_word' id='word_1_580' title='bbox 1140 4179 1249 4253; x_wconf 78' lang='lat' dir='ltr'><strong>ingruit</strong></span> <span class='ocrx_word' id='word_1_581' title='bbox 1270 4177 1448 4251; x_wconf 82' lang='grc' dir='ltr'>κνισοκολαξ,</span> <span class='ocrx_word' id='word_1_582' title='bbox 1471 4182 1598 4241; x_wconf 87' lang='lat' dir='ltr'><strong>dubitari</strong></span> <span class='ocrx_word' id='word_1_583' title='bbox 1616 4200 1662 4238; x_wconf 82' lang='lat' dir='ltr'><strong>noa</strong></span> 
     </span>
     <span class='ocr_line' id='line_1_96' title="bbox 912 4265 1697 4342; baseline 0.008 -25"><span class='ocrx_word' id='word_1_584' title='bbox 912 4277 1005 4341; x_wconf 78' lang='lat' dir='ltr'><strong>potest</strong></span> <span class='ocrx_word' id='word_1_585' title='bbox 1023 4266 1093 4340; x_wconf 93' lang='lat' dir='ltr'><strong>quin</strong></span> <span class='ocrx_word' id='word_1_586' title='bbox 1106 4266 1142 4321; x_wconf 89' lang='lat' dir='ltr'><strong>sit</strong></span> <span class='ocrx_word' id='word_1_587' title='bbox 1156 4266 1260 4321; x_wconf 84' lang='lat' dir='ltr'><strong>lltivius</strong></span> <span class='ocrx_word' id='word_1_588' title='bbox 1275 4265 1311 4322; x_wconf 92' lang='lat' dir='ltr'><strong>ad</strong></span> <span class='ocrx_word' id='word_1_589' title='bbox 1324 4268 1481 4342; x_wconf 74' lang='lat' dir='ltr'><strong>Smyrnam</strong></span> <span class='ocrx_word' id='word_1_590' title='bbox 1494 4291 1502 4337; x_wconf 91' lang='lat'>;</span> <span class='ocrx_word' id='word_1_591' title='bbox 1518 4272 1592 4328; x_wconf 89' lang='lat' dir='ltr'><strong>idem</strong></span> <span class='ocrx_word' id='word_1_592' title='bbox 1603 4270 1661 4325; x_wconf 86' lang='lat' dir='ltr'><strong>salse</strong></span> <span class='ocrx_word' id='word_1_593' title='bbox 1695 4308 1697 4339; x_wconf 52' lang='grc' dir='ltr'>γ</span> 
     </span>
     <span class='ocr_line' id='line_1_97' title="bbox 910 4351 1660 4430; baseline 0.004 -23"><span class='ocrx_word' id='word_1_594' title='bbox 910 4351 1014 4408; x_wconf 88' lang='lat' dir='ltr'><strong>dicitnr</strong></span> <span class='ocrx_word' id='word_1_595' title='bbox 1028 4352 1114 4408; x_wconf 88' lang='lat' dir='ltr'><strong>heros</strong></span> <span class='ocrx_word' id='word_1_596' title='bbox 1125 4364 1154 4408; x_wconf 91' lang='lat' dir='ltr'><strong>et</strong></span> <span class='ocrx_word' id='word_1_597' title='bbox 1165 4353 1264 4409; x_wconf 87' lang='lat' dir='ltr'><strong>adesse</strong></span> <span class='ocrx_word' id='word_1_598' title='bbox 1276 4374 1359 4409; x_wconf 86' lang='lat' dir='ltr'><strong>coeno</strong></span> <span class='ocrx_word' id='word_1_599' title='bbox 1371 4374 1519 4430; x_wconf 86' lang='lat' dir='ltr'><strong>egressus.</strong></span> <span class='ocrx_word' id='word_1_600' title='bbox 1534 4362 1598 4415; x_wconf 83' lang='lat' dir='ltr'><strong>llaec</strong></span> <span class='ocrx_word' id='word_1_601' title='bbox 1606 4374 1660 4411; x_wconf 85' lang='lat' dir='ltr'><strong>rere</strong></span> 
     </span>
     <span class='ocr_line' id='line_1_98' title="bbox 910 4438 1658 4521; baseline 0.005 -27"><span class='ocrx_word' id='word_1_602' title='bbox 910 4438 1076 4496; x_wconf 81' lang='lat' dir='ltr'><strong>observasse</strong></span> <span class='ocrx_word' id='word_1_603' title='bbox 1096 4440 1262 4496; x_wconf 81' lang='lat' dir='ltr'><strong>ll&#39;elckerus</strong></span> <span class='ocrx_word' id='word_1_604' title='bbox 1288 4440 1342 4517; x_wconf 87' lang='lat' dir='ltr'><strong>(de</strong></span> <span class='ocrx_word' id='word_1_605' title='bbox 1358 4441 1448 4515; x_wconf 76' lang='lat' dir='ltr'><strong>Cyclo</strong></span> <span class='ocrx_word' id='word_1_606' title='bbox 1468 4445 1555 4520; x_wconf 87' lang='lat' dir='ltr'><strong>epieo</strong></span> <span class='ocrx_word' id='word_1_607' title='bbox 1576 4464 1603 4521; x_wconf 89' lang='lat' dir='ltr'><strong>p.</strong></span> <span class='ocrx_word' id='word_1_608' title='bbox 1616 4450 1658 4508; x_wconf 66' lang='lat' dir='ltr'><strong>ill</strong></span> 
     </span>
     <span class='ocr_line' id='line_1_99' title="bbox 910 4526 1659 4608; baseline 0.005 -27"><span class='ocrx_word' id='word_1_609' title='bbox 910 4526 969 4601; x_wconf 89' lang='lat' dir='ltr'><strong>sq.)</strong></span> <span class='ocrx_word' id='word_1_610' title='bbox 990 4527 1074 4582; x_wconf 82' lang='lat' dir='ltr'><strong>etiarn</strong></span> <span class='ocrx_word' id='word_1_611' title='bbox 1096 4526 1152 4583; x_wconf 89' lang='lat' dir='ltr'><strong>illis</strong></span> <span class='ocrx_word' id='word_1_612' title='bbox 1173 4526 1307 4583; x_wconf 91' lang='lat' dir='ltr'><strong>omnibus</strong></span> <span class='ocrx_word' id='word_1_613' title='bbox 1331 4527 1497 4601; x_wconf 86' lang='lat' dir='ltr'><strong>videbitur,</strong></span> <span class='ocrx_word' id='word_1_614' title='bbox 1520 4533 1571 4608; x_wconf 90' lang='lat' dir='ltr'><strong>qui</strong></span> <span class='ocrx_word' id='word_1_615' title='bbox 1590 4530 1659 4589; x_wconf 80' lang='lat' dir='ltr'><strong>aliter</strong></span> 
     </span>
     <span class='ocr_line' id='line_1_100' title="bbox 908 4612 1517 4690; baseline 0.011 -22"><span class='ocrx_word' id='word_1_616' title='bbox 908 4624 1035 4669; x_wconf 87' lang='lat' dir='ltr'><strong>statuent</strong></span> <span class='ocrx_word' id='word_1_617' title='bbox 1050 4612 1086 4669; x_wconf 89' lang='lat' dir='ltr'><strong>de</strong></span> <span class='ocrx_word' id='word_1_618' title='bbox 1103 4614 1208 4670; x_wconf 86' lang='lat' dir='ltr'><strong>ceteris</strong></span> <span class='ocrx_word' id='word_1_619' title='bbox 1224 4613 1330 4671; x_wconf 82' lang='lat' dir='ltr'><strong>ibidem</strong></span> <span class='ocrx_word' id='word_1_620' title='bbox 1352 4615 1517 4690; x_wconf 83' lang='lat' dir='ltr'><strong>explicatis.</strong></span> 
     </span>
    </p>
   </div>
   <div class='ocr_carea' id='block_1_12' title="bbox 905 4775 1655 5081">
    <p class='ocr_par' dir='ltr' id='par_1_17' title="bbox 905 4775 1655 4926">
     <span class='ocr_line' id='line_1_101' title="bbox 905 4775 1615 4843; baseline 0.006 -11"><span class='ocrx_word' id='word_1_621' title='bbox 905 4775 1116 4837; x_wconf 81' lang='lat' dir='ltr'><strong>Claudus,notis</strong></span> <span class='ocrx_word' id='word_1_622' title='bbox 1124 4777 1364 4842; x_wconf 66' lang='lat' dir='ltr'><strong>inustaevetulus,</strong></span> <span class='ocrx_word' id='word_1_623' title='bbox 1373 4776 1504 4833; x_wconf 89' lang='lat' dir='ltr'><strong>mendico</strong></span> <span class='ocrx_word' id='word_1_624' title='bbox 1511 4780 1615 4843; x_wconf 83' lang='lat' dir='ltr'><strong>similis,</strong></span> 
     </span>
     <span class='ocr_line' id='line_1_102' title="bbox 941 4855 1655 4926; baseline 0.013 -20"><span class='ocrx_word' id='word_1_625' title='bbox 941 4855 1013 4909; x_wconf 82' lang='lat' dir='ltr'><strong>venit</strong></span> <span class='ocrx_word' id='word_1_626' title='bbox 1022 4856 1191 4921; x_wconf 85' lang='lat' dir='ltr'><strong>Cnisocolax,</strong></span> <span class='ocrx_word' id='word_1_627' title='bbox 1204 4855 1313 4926; x_wconf 89' lang='lat' dir='ltr'><strong>nuptias</strong></span> <span class='ocrx_word' id='word_1_628' title='bbox 1321 4870 1405 4925; x_wconf 91' lang='lat' dir='ltr'><strong>quum</strong></span> <span class='ocrx_word' id='word_1_629' title='bbox 1416 4856 1568 4914; x_wconf 86' lang='lat' dir='ltr'><strong>celebraret</strong></span> <span class='ocrx_word' id='word_1_630' title='bbox 1576 4856 1655 4921; x_wconf 73' lang='lat' dir='ltr'><strong>Meles,</strong></span> 
     </span>
    </p>

    <p class='ocr_par' dir='ltr' id='par_1_18' title="bbox 906 4931 1581 5081">
     <span class='ocr_line' id='line_1_103' title="bbox 906 4931 1551 5004; baseline 0.009 -18"><span class='ocrx_word' id='word_1_631' title='bbox 906 4932 1057 4997; x_wconf 88' lang='lat' dir='ltr'><strong>invocatus,</strong></span> <span class='ocrx_word' id='word_1_632' title='bbox 1068 4934 1167 5003; x_wconf 85' lang='lat' dir='ltr'><strong>jusculi</strong></span> <span class='ocrx_word' id='word_1_633' title='bbox 1180 4934 1320 5004; x_wconf 86' lang='lat' dir='ltr'><strong>indigens:</strong></span> <span class='ocrx_word' id='word_1_634' title='bbox 1334 4931 1362 4986; x_wconf 89' lang='lat' dir='ltr'><strong>in</strong></span> <span class='ocrx_word' id='word_1_635' title='bbox 1374 4932 1473 4989; x_wconf 90' lang='lat' dir='ltr'><strong>mediis</strong></span> <span class='ocrx_word' id='word_1_636' title='bbox 1484 4951 1551 4992; x_wconf 78' lang='lat' dir='ltr'><strong>vero</strong></span> 
     </span>
     <span class='ocr_line' id='line_1_104' title="bbox 939 5008 1581 5081; baseline 0.009 -16"><span class='ocrx_word' id='word_1_637' title='bbox 939 5009 1064 5065; x_wconf 88' lang='lat' dir='ltr'><strong>constitit</strong></span> <span class='ocrx_word' id='word_1_638' title='bbox 1079 5008 1176 5076; x_wconf 90' lang='lat' dir='ltr'><strong>heros,</strong></span> <span class='ocrx_word' id='word_1_639' title='bbox 1191 5027 1207 5066; x_wconf 87' lang='lat' dir='ltr'><strong>e</strong></span> <span class='ocrx_word' id='word_1_640' title='bbox 1221 5027 1300 5068; x_wconf 89' lang='lat' dir='ltr'><strong>coeuo</strong></span> <span class='ocrx_word' id='word_1_641' title='bbox 1312 5025 1396 5081; x_wconf 88' lang='lat' dir='ltr'><strong>qaum</strong></span> <span class='ocrx_word' id='word_1_642' title='bbox 1411 5014 1581 5071; x_wconf 81' lang='lat' dir='ltr'><strong>emersisset.</strong></span> 
     </span>
    </p>
   </div>
   <div class='ocr_carea' id='block_1_13' title="bbox 0 0 1786 5640">
    <p class='ocr_par' dir='ltr' id='par_1_19' title="bbox 0 0 1786 5640">
     <span class='ocr_line' id='line_1_105' title="bbox 0 0 1786 5640; baseline 0 0"><span class='ocrx_word' id='word_1_643' title='bbox 0 0 1786 5640; x_wconf 95' lang='lat' dir='ltr'><strong> </strong></span> 
     </span>
    </p>
   </div>
  </div>
 </body>
</html>
