3564 5640
757 306 972 371 rumano.
1491 270 1542 391 ἰ’

204 424 446 522 olympiadem
462 428 529 517 65,
551 447 692 503 motum
705 448 826 506 autem
839 451 965 509 contra
979 435 1233 533 Lygdamidem
1254 453 1478 534 tyrannum,
1495 440 1532 511 iu

205 571 280 643 quo
296 548 470 620 occubuit
482 566 606 648 poeta,
626 553 840 650 ponendum
859 555 1077 654 olympiadis
1095 559 1141 630 82
1157 582 1256 630 anno
1275 559 1351 631 lere
1368 559 1403 631 3.

253 672 293 739 ln
307 668 543 764 fragmento6
560 658 907 769 Panyasidis,'versu
927 682 973 768 4,
992 682 1197 751 Duntaerus
1218 703 1371 778 quoque
1390 681 1537 777 scripsit

207 800 345 896 ἐπιθῇσι,
360 822 403 869 ex
418 799 575 871 Funckei
590 804 815 898 conjectura,
828 803 892 876 sed
905 821 1021 877 cetera
1036 806 1108 879 hoc
1125 806 1255 891 modo,

362 958 476 1039 Ισθλοῒς
494 985 536 1030 τι
559 956 677 1040 ξενίοισι
692 966 787 1039 κακὴν
802 964 920 1057 ἐπιθῇσι
937 971 1095 1053 τελευτήν,

206 1114 343 1188 omisso
362 1116 404 1190 δ’.
419 1118 551 1188 Verum
567 1119 748 1214 quantivis
760 1118 864 1216 pretii
882 1135 937 1191 est
954 1120 1132 1193 medicina
1158 1122 1289 1193 ultimo
1303 1121 1429 1193 versui
1446 1121 1538 1217 ejus·

206 1230 290 1307 dem
310 1239 498 1337 fragmenti
519 1238 623 1310 allata
645 1241 691 1313 ab
711 1241 848 1332 Naekio,
868 1241 905 1311 in
924 1242 1083 1314 Funckei
1092 1241 1237 1333 libello,
1264 1243 1320 1315 uti
1344 1244 1538 1340 suspicorr

206 1361 350 1460 prodita

363 1516 504 1612 Καὶγᾶρ
524 1516 553 1585 ol
572 1499 656 1594 Ᾰτης
674 1541 710 1583 τι
728 1517 781 1585 καὶ
800 1507 903 1611 Ῠόριος
921 1511 980 1583 αἶα·
998 1516 1057 1608 ἅμ’
1071 1508 1191 1591 dri-adsi.

208 1664 307 1736 ldem
326 1669 552 1751 Dirutzerus,
572 1660 631 1730 cui
654 1656 764 1750 hujus
784 1660 1049 1733 emendationis
1069 1660 1235 1732 notitiam
1253 1659 1392 1750 debeo,
1408 1663 1450 1732 in
1472 1661 1539 1732 fra·

207 1807 354 1887 gmento
375 1790 439 1881 15,
452 1816 486 1863 v.
501 1795 545 1878 d,
560 1804 644 1862 ante
660 1812 718 1859 me
736 1788 936 1884 conjecerat
950 1791 1078 1886 ἀνάγκη.
1099 1791 1266 1860 Ceterum
1291 1790 1370 1886 ejus
1384 1791 1478 1879 viri,
1498 1791 1536 1861 in

207 1912 316 1983 bonis
332 1912 444 1984 literis
465 1912 692 1984 demerendis
706 1911 960 2009 impigerrimi,
980 1910 1233 1983 collectionem
1247 1911 1537 2008 fragmentorum

208 2038 395 2132 epicorum
410 2035 637 2108 utilissimam
660 2035 773 2128 magis
794 2032 902 2103 etism
923 2031 1180 2127 probaremus,
1201 2033 1233 2105 si
1262 2047 1384 2106 vetera
1404 2034 1538 2106 editio-

209 2181 298 2229 num
320 2160 407 2230 vitia
428 2158 550 2255 paullo
573 2157 782 2253 diligentius
805 2154 974 2241 cavisset;
1001 2176 1084 2224 nam
1106 2155 1235 2227 vitiosa
1252 2155 1537 2253 multa'reliquit

208 2281 350 2354 dudum
363 2281 419 2354 vel
435 2306 477 2353 ex
490 2280 678 2353 codicibus
691 2291 850 2351 correcta
863 2276 955 2348 vela
972 2274 1137 2349 felicibus
1152 2278 1306 2374 ingeniis
1322 2281 1535 2354 instaurata

208 2412 248 2478 ln
275 2407 475 2477 Germaniae
499 2401 643 2500 oppidis
666 2414 836 2499 prompta
852 2398 966 2470 cuivis
986 2414 1023 2472 et
1045 2413 1167 2497 parata
1183 2414 1239 2470 est
1260 2401 1473 2472 criticorum
1493 2402 1536 2473 li·

206 2529 358 2602 brorum
376 2528 481 2625 copia
497 2525 722 2613 beatissima3
744 2525 782 2594 in
804 2521 901 2594 Urbe
921 2538 1044 2594 nostra
1060 2521 1118 2593 hc
1141 2521 1279 2595 scilicet
1304 2548 1427 2620 nugae,
1460 2527 1535 2598 nisi

206 2650 391 2750 possideas
410 2649 504 2746 ipse,
522 2670 606 2717 cum
624 2668 764 2718 summa
784 2643 995 2716 difficultate
1010 2657 1046 2715 et
1061 2645 1235 2741 temporis
1254 2644 1449 2744 dispendio
1466 2649 1535 2720 im-

207 2773 306 2846 mani
339 2771 568 2867 colliguntur.
585 2771 767 2837 Damnum
782 2765 1006 2862 aliquatenus
1031 2766 1175 2836 resarcit
1199 2766 1533 2865 manuscriptorum

205 2893 375 2965 codicum
398 2891 605 2976 thesaurus,
628 2900 663 2958 et
684 2889 986 2957 Conservatorum
1005 2885 1082 2981 ejus
1106 2884 1215 2957 ardor
1238 2882 1461 2960 admirabilis
1489 2914 1532 2963 ea

206 3016 325 3086 studia
345 3014 506 3110 gnaviter
522 3010 735 3107 adjuvandi,
751 3033 830 3106 quae
847 3022 945 3079 recto
955 3006 1094 3102 judicio
1108 3007 1249 3079 institui
1265 3024 1529 3105 cognoverunt.

207 3138 270 3208 Vel
291 3138 421 3206 harum
440 3135 661 3231 plagularum
681 3132 836 3205 tenuitas
850 3130 999 3202 lllorum
1024 3128 1157 3225 largam
1180 3129 1403 3204 voluntatem
1425 3146 1531 3204 testa·

205 3256 314 3326 bitur.

1008 3425 1067 3493 sa.
1094 3399 1283 3493 nisum.

297 3541 482 3602 anaema
496 3544 673 3605 natantes
