3564 5640
611 546 1126 743 PRAEFATIO.

782 933 946 960 ⁴000.—

205 1261 207 1265 >
256 1209 297 1278 ln
313 1204 386 1276 hoc
409 1218 547 1300 septem
572 1215 762 1299 poetarum
787 1221 940 1293 corpore
964 1197 1124 1269 Hesiodo
1147 1196 1383 1294 Apollonium
1399 1224 1440 1272 ac
1461 1205 1540 1275 Mu·

207 1354 320 1402 saeum
339 1326 615 1413 subiunximus,
631 1347 678 1394 ne
693 1321 919 1419 reliquorum
937 1336 1113 1418 quatuor,
1131 1321 1195 1418 qui
1216 1322 1263 1392 de
1284 1321 1393 1394 rebus
1403 1326 1541 1398 Troicis

208 1471 295 1529 sunt
308 1478 450 1542 omnes,
472 1453 758 1546 interrumpatur
774 1447 877 1518 ordo.
909 1447 1058 1533 Critica,
1078 1470 1187 1542 quam
1201 1460 1351 1536 vocant,
1377 1447 1542 1523 adhibita

208 1594 284 1652 arte
300 1602 412 1649 novas
433 1575 567 1646 horum
589 1586 780 1643 auctorum
800 1569 1032 1640 recensiones
1050 1567 1248 1640 exhibendi
1263 1569 1412 1642 sortasse
1432 1597 1478 1644 ne
1492 1573 1542 1644 la·

209 1702 323 1773 cultas
341 1699 491 1798 quidem
511 1697 656 1785 luisset,
674 1693 869 1766 consilium
894 1705 990 1763 certe
1009 1716 1083 1762 non
1106 1706 1194 1762 erat.
1231 1691 1400 1788 Religiosi
1422 1709 1543 1769 autem

210 1825 358 1896 editoris
378 1847 457 1895 esse
471 1821 700 1919 putavimus,
728 1817 766 1887 in
790 1839 898 1887 usum
915 1839 1022 1885 suum
1042 1828 1270 1904 convertere,
1293 1816 1323 1887 si
1341 1817 1431 1912 quid
1452 1817 1544 1892 boni

209 1962 318 2045 atque
331 1943 515 2018 emendati
534 1943 697 2014 virorum
713 1940 906 2012 doctorum
924 1939 999 2009 sive
1016 1938 1179 2034 ingenio,
1198 1939 1272 2009 sive
1287 1938 1409 2011 studio
1426 1965 1545 2040 nuper
1620 1969 1624 1977 ·

211 2072 395 2143 detectum
417 2066 608 2139 invenerit.
641 2067 731 2151 Quae
748 2063 876 2134 messis
898 2062 1019 2158 poetis·
1040 2061 1175 2131 nostris
1197 2060 1296 2132 haud
1314 2086 1443 2160 parcos
1462 2065 1544 2138 red·

212 2192 305 2264 didit
324 2190 476 2263 fructus.
519 2191 603 2275 Quo
625 2186 759 2258 factum
781 2199 853 2274 est,
875 2199 916 2255 ut
934 2208 1081 2273 omnes,
1109 2183 1180 2254 nisi
1207 2184 1298 2256 sorte
1314 2187 1463 2258 Tzetzen
1488 2215 1545 2262 ex·

212 2315 331 2413 cipere
349 2313 458 2402 velis,
476 2309 667 2411 permultis
684 2308 774 2380 locis
797 2307 962 2397 correcti,
984 2307 1115 2404 partim
1143 2331 1276 2379 novam
1298 2310 1406 2406 plane
1424 2312 1545 2386 induti

214 2439 390 2537 speciem,
423 2438 461 2508 iu
491 2435 610 2507 lucem
636 2431 833 2531 prodeant,
864 2430 1094 2528 plurimaque
1124 2428 1197 2501 dici
1223 2433 1382 2527 possint,
1411 2436 1546 2531 quibus

214 2561 355 2650 multae,
387 2585 477 2657 quas
500 2559 721 2655 recepimus,
750 2555 924 2625 lectiones
950 2552 1190 2650 explicentur,
1222 2554 1408 2626 nonnullae
1427 2557 1548 2630 delen·

214 2685 360 2773 dantur,
381 2696 598 2754 excusentur
615 2704 692 2751 non
708 2702 843 2776 paucae.
872 2680 922 2746 Ne
942 2691 1062 2746 tamen
1081 2675 1246 2764 modum,
1266 2677 1329 2773 qui
1344 2678 1547 2774 praelationi

215 2808 388 2880 constitui
404 2805 510 2894 solet,
542 2819 790 2890 transeamus,
813 2799 858 2870 de
876 2798 1028 2895 singulis
1046 2798 1312 2869 mutationibus
1330 2800 1369 2870 in
1385 2801 1548 2877 editione

216 2946 340 3004 nostra
354 2928 472 3002 obviis
492 2929 605 2999 fusius
620 2926 795 2999 disserere
812 2923 1148 3022 supersedebimus,
1165 2948 1255 3020 quas
1276 2949 1322 2995 ne
1336 2950 1549 3001 enumerare

217 3053 366 3153 quidem
393 3050 532 3140 licebit,
567 3051 638 3122 nisi
669 3049 735 3121 ubi
763 3048 801 3119 id
826 3063 888 3119 aut
915 3047 1041 3145 paucis
1068 3045 1355 3134 absolvendum,
1384 3066 1447 3121 aut
1471 3053 1550 3126 sine

218 3201 349 3274 magno
370 3177 548 3248 lectorum
574 3188 784 3245 nostrorum
805 3169 1043 3242 incommodo
1072 3194 1147 3241 non
1175 3171 1386 3244 evitandum
1414 3174 1550 3248 iudica·

219 3299 388 3371 terimus.

254 3421 532 3518 Goettlingianus
545 3424 694 3491 Hnsronr
711 3433 828 3490 textus
843 3418 1107 3516 quinquaginta
1123 3417 1396 3490 emendationes
1410 3422 1449 3491 in
1459 3421 1551 3493 Tbe-

219 3546 369 3640 ogonia,
391 3546 518 3642 viginti
533 3546 698 3643 quinque
717 3543 756 3614 in
782 3545 894 3615 Scuto
909 3541 1074 3612 Herculis
1100 3566 1120 3612 a
1146 3541 1254 3612 nobis
1279 3558 1439 3641 receptas
1453 3569 1551 3641 egre·

219 3671 284 3765 giae
302 3669 502 3740 Hermanni
524 3667 729 3739 recensioni
750 3666 804 3764 (in
823 3690 970 3763 opuscc.
1006 3663 1077 3736 vol.
1103 3667 1160 3753 Vl,
1184 3689 1262 3762 pag.
1286 3670 1351 3753 142
1372 3669 1469 3765 sqq.)
1488 3667 1551 3740 de·

220 3792 291 3863 bet.
319 3795 441 3879 Quum
459 3792 505 3863 de
516 3792 634 3890 prisca
654 3790 870 3887 Theogoniae
892 3789 1008 3860 forma
1027 3788 1289 3885 hodiernaeque
1308 3792 1446 3884 origine
1460 3790 1552 3864 nihil

220 3930 361 3988 constet
374 3915 445 4013 (r),
463 3940 589 3987 versus
612 3915 839 4010 longioresve
854 3915 955 3985 locos
978 3928 1235 4011 transponere,
1252 3914 1441 4010 quomodo
1466 3920 1553 3988 ller-

219 4061 376 4109 mannus
391 4035 453 4109 hic
469 4036 543 4108 illic
557 4036 763 4108 laciendum
780 4037 898 4127 docet,
913 4037 991 4108 ausi
1004 4061 1079 4107 non
1094 4061 1233 4126 sumus,
1246 4036 1310 4108 sed
1322 4037 1407 4108 satis
1421 4037 1552 4110 habui·

221 4183 302 4231 mus
314 4162 419 4232 uncis
437 4159 641 4250 includere,
659 4184 756 4258 quae,
779 4186 853 4258 quo
875 4161 957 4232 loco
976 4159 1088 4232 hodie
1106 4160 1291 4258 leguntur,
1312 4163 1483 4236 carminis
1501 4179 1553 4236 te·

221 4309 348 4357 norem
365 4285 659 4383 interrumpunt,
676 4284 750 4355 sive
763 4284 1014 4381 dispositionis
1033 4283 1212 4356 hodierna
1227 4286 1460 4382 antiquioris,
1478 4288 1553 4361 sive

222 4408 399 4480 variarum
412 4409 685 4498 recensionum,
697 4408 771 4481 sive
785 4407 1109 4506 interpolationum
1124 4407 1272 4506 vestigia
1286 4407 1370 4478 sint.
1385 4407 1493 4496 Quod
1506 4409 1551 4481 ad

258 4720 301 4798 (r)
322 4722 502 4793 Miitzellius,
515 4742 601 4801 quern
624 4723 714 4781 bisin
728 4721 833 4781 studiis
847 4733 940 4779 totum
961 4740 1022 4780 esse
1044 4721 1099 4779 viri
1113 4720 1194 4778 docti
1208 4739 1268 4778 non
1287 4721 1442 4799 ignorant,
1453 4722 1484 4779 in
1501 4740 1551 4780 re-

220 4826 355 4886 censione
372 4827 474 4901 libelli,
488 4830 517 4886 in
533 4849 592 4907 qno
608 4827 773 4889 Soetbeerus
787 4827 906 4907 quidam
921 4847 972 4886 sua
987 4827 1172 4904 Gruppiique
1193 4826 1305 4884 somnia
1327 4825 1364 4884 de
1380 4826 1551 4907 primigenia

220 4932 398 5010 Theogoniae
410 4935 507 5012 specie
520 4933 632 5014 publici
644 4934 721 5013 juris
740 4936 808 4994 fecit
822 4934 1000 5014 (Zimmerm.
1015 4933 1159 5011 ephemm.
1177 4953 1203 4992 a.
1222 4933 1310 5011 1838,
1323 4954 1403 4994 num.
1419 4953 1454 4993 10
1464 4932 1553 5023 sqq),

221 5037 388 5118 philologiae
402 5041 551 5100 hodiernae
566 5043 640 5102 vires
651 5042 816 5101 difficultati
830 5041 917 5100 huius
931 5040 1098 5120 quaestionis
1111 5060 1195 5118 pares
1212 5059 1274 5100 essa
1289 5055 1383 5120 negat.

1393 5175 1408 5204 a
