3564 5640
268 262 565 336 sambemttittt
585 267 621 327 Α.

116 398 165 458 καὶ
178 399 202 459 δ’
204 396 296 466 αύτούς
307 396 451 467 ξεινοῦσθαι
463 395 507 457 ἐπὶ
518 393 584 477 σφέα
596 393 696 473 δώματ’
694 393 820 505 ἀγεσκον

59 471 711 568 σευρηῖδίως.1ίυττριςγάρἐπίγλυκδνίμερον
760 505 774 540 ν

116 571 324 684 Ἡραίστοιο’
286 594 365 652 χαριν
376 568 550 647 πολυμήτιος,
563 567 719 651 όρραα
645 592 719 628 κενα
735 592 774 635 τις

115 661 225 730 ναίηται
239 657 394 735 μετόπισθεν
408 656 538 737 ἀκήρατος
552 655 661 737 ἀνδράσι
675 660 788 766 Λῆμνος.

158 745 233 806 Ἔνθ’
243 742 315 823 ὁμὲν
323 741 472 825 Ὑψιπύλης
487 741 623 823 βασιλήϊον
637 745 663 810 ές
675 732 833 825 δομονωρτο

118 830 227 893 steorte
227 855 267 903 ης·
280 835 305 890 οἱ
319 831 341 889 6
357 830 432 889 άλλοι
445 828 497 901 όπη
512 830 558 889 καλ
571 828 683 910 ἔκυρσαν
697 828 819 902 ἕκαστος,

61 941 103 980 ass
117 921 268 1031 Ἡρακλῆρς
282 917 394 989 ἄνευθεν,
408 920 423 976 6
435 915 486 996 γάρ
499 915 573 997 παρὰ
586 913 630 988 νηῒ
643 917 764 975 λέλειπτο

116 1006 195 1072 αιίτδς
208 1003 285 1076 ἑκὼν,
298 1002 396 1085 παῦροί
408 1027 438 1062 τε
452 1001 638 1083 διακρινθέντες
652 1005 760 1084 έταῖροι.

116 1092 250 1154 Δι’κτίκσ
235 1110 250 1149 ο
251 1090 337 1149 ’ἀστυ
350 1097 452 1170 χοροῖσι
466 1089 509 1147 καὶ
522 1088 672 1169 εἰλαπίνῃσι
683 1089 802 1168 γεγήθει,

115 1181 211 1258 καπνῷ
226 1175 374 1247 κνισσήεντε
386 1174 535 1257 περίπλεον·
551 1173 627 1254 έξοχα
642 1175 664 1234 δ’
678 1175 765 1235 άλλων

117 1237 257 1324 ἀθανάτων
270 1262 358 1343 Ἥρης
371 1254 415 1321 υἷα
423 1199 522 1321 peiurio
535 1259 582 1332 666
595 1260 640 1319 καὶ
654 1261 736 1334 uris-62

67 1376 109 1415 suo
122 1352 229 1432 Κύπριν
244 1351 361 1428 ἀοιδῇσιν
376 1347 478 1408 θυέεσσί
490 1372 519 1408 τε
534 1346 705 1426 μειλίσσοντο.

115 1439 244 1518 Ἀμόολίη
261 1439 283 1496 δ’
298 1413 334 1504 είς
348 1429 422 1517 ήμαρ
436 1436 478 1494 ἀεὶ
492 1435 518 1504 ἐξ
533 1436 634 1513 ήματος
647 1427 692 1507 6

117 1526 260 1596 ναυτιλίης·
275 1524 354 1606 δηρόν
368 1523 389 1581 δ’
405 1522 437 1582 ἀν
451 1522 549 1582 ἐλίνυον
564 1547 581 1581 α
583 1514 626 1581 ύθι
641 1520 773 1600 μένοντες,

114 1616 139 1672 εἰ
154 1611 192 1690 μή
206 1609 347 1677 ἀολλίσσας
360 1607 465 1690 έτάρους
478 1607 608 1668 ἀπάνευθε
621 1611 749 1686 γυναικῶν

117 1696 268 1779 Ἡρακλέης
280 1695 386 1755 τοίοισιν
402 1695 507 1764 ἐνιπτάζ
493 1699 543 1764 ζων
559 1693 702 1773 μετέειπεν.

61 1782 309 1862 εεΜΔαιμόνιοι
322 1782 425 1864 πάτρης
437 1781 561 1863 ἐμρύλιον
575 1774 632 1861 αἷμ’
644 1776 765 1861 ἀποέργει

61 1808 218 1950 8⁴⁵⁶6pts'ue3
231 1868 262 1941 ἠέ
275 1868 368 1948 γάμων
383 1867 511 1936 ἐπιδευέες
524 1867 607 1928 ἐνθάδ’
622 1866 720 1945 έύημεν

115 1963 202 2017 κεῖθεν
215 1950 384 2033 όνοσσάμινύι
396 1954 517 2026 πολιήτιδ
519 1980 563 2029 ας;
577 1946 644 2016 Αυθι
658 1955 680 2014 δ’
694 1952 769 2013 έαδεν

117 2043 239 2109 ναίοντας
250 2040 366 2123 λιπαρὴν
380 2041 469 2123 άροσιν
484 2041 603 2120 Λήμνοιο
616 2041 762 2119 ταμίσθαι;

118 2132 161 2192 Οὗ
177 2129 230 2208 μάν
244 2131 366 2196 εὐκλειεῖς
380 2152 410 2207 γε
423 2126 469 2187 συν
483 2128 596 2208 ὀθνείῃσι
610 2126 723 2206 γυναιξὶν

61 2239 105 2280 ero
117 2215 240 2295 ἐσσόμεθ’
252 2206 298 2274 66'
312 2214 390 2297 δηρδν
404 2213 529 2292 ἐελμένοι·
543 2213 603 2273 οὐδέ
616 2238 642 2273 τι
655 2219 726 2282 κῶας

114 2304 265 2382 αὐτόματον
279 2299 358 2362 δάσιι
370 2325 410 2369 τις
422 2300 487 2361 ἑλὼν
503 2300 558 2369 θεδς
571 2300 757 2380 εὐξαμένοισιν.

88 2448 92 2459 ,
117 2384 256 2469 Ὶομεν
222 2414 294 2457 αυτις
304 2389 410 2449 ἔκαστοι
420 2387 463 2448 ἐπὶ
474 2388 549 2469 σφέα·
543 2388 608 2448 ·τδν
619 2389 643 2447 δ’
655 2389 693 2449 ἐνί
702 2388 821 2470 λέκτροις

117 2475 269 2558 Ὑψιπύλης
283 2478 352 2535 εἰᾶτε
365 2473 527 2557 πανήμερον,
542 2475 627 2535 εἰσόκε
641 2479 749 2555 Λῆμνον

117 2563 211 2622 παισίν
225 2559 376 2643 ἐσανδρώσῃ
393 2561 496 2641 μεγάλη
510 2562 540 2620 τέ
553 2565 565 2621 ί
580 2560 653 2642 βάξις
664 2561 765 2634 ίκηται.

62 2672 105 2711 σπι
158 2648 209 2716 Ὡς
222 2647 352 2708 νείκεσσεν
365 2645 464 2726 όμιλον·
482 2647 586 2706 ἐναντίοι
601 2648 623 2706 δ’
634 2647 664 2708 ού
675 2648 706 2707 νύ
719 2672 758 2718 τις
771 2646 833 2720 ἐτλη

118 2735 219 2813 όμματ
234 2732 410 2814 ἀνασχεθέειν,
424 2732 484 2792 οθδέ
496 2733 750 2815 προτιμυθήσασθαι·

119 2822 179 2881 ἀλλ’
194 2819 278 2888 αύτως
292 2822 418 2903 ἀγορῆθεν
432 2820 600 2900 ἐπαρτίζοντο
613 2820 716 2880 νέεσθαι

118 2905 303 2990 σπερχόμενοι.
312 2904 407 2967 Tatii
416 2904 640 2988 σφινέπέδραμον,
647 2897 699 2966 εὖτ’
707 2906 831 2980 ἐδάησαν.

118 2994 168 3062 Ὡς
181 2994 205 3053 δ’
219 2992 263 3053 ὅτε
274 2991 359 3072 λείρια
373 2991 444 3052 zeii
455 3016 489 3051 πε
491 2991 658 3074 ριὸρομέουσι
671 2993 795 3071 μέλισσαι

63 3101 107 3142 oeo
119 3080 221 3160 πέτρης
233 3077 376 3160 ἐκχύμεναι
390 3076 517 3157 σιμύληίδ
517 3102 558 3151 ος,
573 3080 642 3163 ἀμρλ
656 3079 684 3139 66
697 3079 795 3159 λειμὼν

120 3167 225 3247 έρσήεις
238 3165 361 3245 γάνυται,
376 3165 420 3224 ταὶ
435 3164 463 3225 66
476 3164 572 3244 γλυκύν
587 3165 681 3225 ἀλλοτε
696 3165 775 3226 ἀλλον

118 3251 224 3333 καρπὸν
238 3250 395 3334 ἀμέργουσιν
408 3249 600 3331 πεποτημέναι·
613 3249 650 3318 ὣς
663 3251 714 3333 άρα
728 3252 773 3312 ταί
785 3276 816 3335 γε

120 3336 225 3405 ἐνδυκὲς
237 3336 330 3420 ἀνέρας
343 3337 411 3420 ἀμρί
424 3337 591 3422 κινυρόμεναι
604 3336 756 3418 προχέοντο·

120 3423 199 3504 χερσί
212 3448 241 3484 τε
254 3425 300 3484 καί
315 3423 432 3503 μύθοισιν
446 3423 630 3484 ἐδεικανόωντο
644 3423 762 3496 ἕκαστον,

68 3533 109 3572 σεε
123 3511 267 3591 εὐχόμεναι
281 3510 443 3594 μακάρεσσιν
457 3511 583 3591 ἀπήμονα
597 3509 687 3570 νόστον
700 3510 824 3570 ἀπάσσαι.

121 3599 173 3665 Ὦς
187 3597 215 3657 66
229 3597 276 3657 καὶ
289 3595 424 3681 Ὑψιπύλη
437 3599 557 3682 ἠρήσατο
569 3605 660 3679 χεῖρας
671 3599 767 3657 έλουσα

16 3744 21 3754 ,
122 3685 282 3759 Αἰσονίδεω,
295 3683 330 3744 τά
344 3684 374 3744 δέ
386 3689 410 3744 οἱ
425 3623 471 3766 ῥέερ
481 3685 581 3769 δάκρυα
594 3684 671 3765 χήτει
686 3685 776 3754 ἰόντος.

163 3771 275 3843 Νίσσεο,
285 3770 430 3831 uetuisset
440 3771 631 3851 σδνάπήμοσιν
641 3763 714 3840 αύτις
727 3772 837 3857 ἐταίροις

68 3965 109 4006 ..ι
121 3856 781 4020 {6266iliiiit‘ii‘iiiiiiii,0,

121 4036 212 4102 ex6rrr
213 4029 664 4113 ράτεπατρδςέμοῑοπαρέσσεται,ή
647 4029 838 4104 ήνκαλόπίσσω

119 4114 153 4188 δή
163 4115 364 4187 ποτενοσπήσοις
375 4117 464 4198 ἐθέλῃς
476 4117 587 4200 ἄψορρον
601 4117 711 4179 ἱκέσθαι.

121 4202 247 4274 Ῥηῖδίως
261 4203 283 4262 δ’
298 4202 330 4262 ἀν
343 4225 383 4263 τοι
397 4182 443 4263 καί
456 4203 581 4313 ἀπτίρρνα
594 4203 659 4263 λαδν
673 4205 790 4288 ἀγείραις

120 4291 211 4349 ἄλλων
225 4293 256 4349 ἐκ
269 4289 376 4349 πολίων·
391 4289 450 4349 ἀλλ’
464 4291 539 4351 οθ’
508 4313 540 4350 συ
553 4314 584 4370 γε
595 4291 672 4363 τήνδε
686 4291 807 4370 μενοινὴν

70 4397 109 4438 sos
121 4377 245 4457 σχήσεις,
257 4374 304 4435 ούτ
304 4375 389 4449 ἀιἰτή
402 4377 593 4459 προτιόσσομαι
606 4369 644 4437 ὧ
630 4380 808 4438 δετελεῖσθαι.

121 4463 219 4526 Μνάιεο
234 4463 286 4540 μήν
303 4463 391 4523 ἀπεών
404 4487 438 4523 πε
441 4468 538 4545 ρθμῶς
551 4462 597 4522 καί
611 4464 730 4544 νόστιμος
743 4466 795 4540 6

120 4549 281 4656 Ὑψιπύλης·
292 4549 352 4610 λίπε
368 4553 390 4610 δ’
400 4488 551 4630 ήμάνέπος,
562 4549 594 4608 τό
602 4574 647 4610 κεν
659 4549 811 4632 ἐξανύσαιμι

118 4635 258 4719 πρόφρων,
272 4638 337 4707 ἦν’
319 4661 353 4718 αρ
354 4661 371 4695 α
386 4637 417 4708 δή
432 4661 466 4716 με
480 4637 532 4696 θεολ
546 4636 633 4697 διένευσε
646 4637 775 4697 τεκέσθαι.

164 4726 190 4783 i
189 4723 221 4793 ὴν
231 4715 297 4781 δ
263 4746 313 4782 αυτ
313 4723 439 4791 Ἀἴσονος
447 4723 500 4790 υίος
512 4723 664 4802 ἀγαιόμενος
674 4724 839 4807 προσέειπεν.

70 4829 111 4869 eoo
178 4809 325 4891 Ὑψιπύλη,
337 4809 370 4868 τά
380 4809 466 4888 perot
468 4834 505 4869 τω
513 4811 683 4889 ἐναίσιμα
645 4834 732 4871 ποντα
741 4812 840 4892 γένοιτο

123 4899 154 4954 ἐκ
168 4897 304 4976 μακάρων·
316 4895 380 4968 τύνη
395 4897 418 4955 6’
432 4898 520 4975 ἐμέθεν
533 4898 594 4979 πέρι
609 4898 689 4977 θυμὸν
704 4899 783 4980 ἀρείω

123 4983 223 5061 ἴσχαν’,
238 4983 295 5042 ἐπεί
312 4983 416 5064 πάτρην
431 5007 474 5062 μοι
490 4986 546 5053 eir<
561 4985 662 5046 Πελίαο
675 4986 755 5068 έκητι,

1015 262 1379 331 inuestemcottutt
1398 261 1470 329 tm
1491 267 1514 329 i
1608 284 1644 338 ιθ

874 405 946 465 atque
955 401 1020 465 ipsos
1028 403 1216 453 uidererterent
1225 404 1249 453 in
1265 417 1322 455 suas
1330 404 1416 455 domos
1422 404 1584 470 ,impulerunt

876 488 950 539 boile
961 490 1048 552 cypris
1056 490 1121 539 enlm
1130 489 1224 540 dnleem
1233 504 1340 543 umorem
1348 491 1520 554 instillaverat,

874 575 974 625 Vulenni
983 577 1058 636 gratia
1066 576 1175 638 solertis,
1185 580 1214 626 ut
1222 576 1303 627 denuo

874 662 1062 712 inhabitaretur
1055 677 1089 712 m·
1089 667 1213 727 posterum
1224 663 1316 726 integra
1325 663 1383 714 viris
1392 666 1508 716 temam.

906 749 985 798 'rum
978 762 1030 812 ipse
1038 748 1135 812 quidem
1140 750 1278 813 Hypsipylae
1287 751 1377 812 regiam
1386 751 1411 800 in
1419 751 1656 817 domnnrproieetus·

874 834 1071 898 estldisonidesy
1081 841 1106 886 ut
1115 837 1214 899 reliqui
1224 850 1273 901 quo
1282 837 1457 900 torte-pervenit
1466 853 1584 904 quisque

874 927 961 985 preter
967 923 1107 986 Herculem,
1118 923 1140 973 is
1149 924 1213 973 eninr
1222 924 1287 987 apud
1296 936 1383 974 nerem
1392 925 1572 990 relinquebatur

875 1008 926 1071 ipse
935 1008 1034 1070 lubens,
1043 1013 1069 1059 et
1077 1010 1147 1072 pauci
1157 1009 1238 1060 selecti
1247 1011 1432 1062 eommilitones.

874 1095 959 1145 Statim
970 1109 1026 1145 rero
1036 1095 1094 1146 urbs
1104 1097 1184 1146 eboris
1193 1101 1218 1147 et
1226 1097 1303 1160 epulis
1312 1098 1505 1162 exhilarataest,

876 1180 942 1230 inmo
951 1182 1051 1231 odorato
1059 1183 1141 1246 plern3
1151 1196 1201 1246 prae
1210 1185 1263 1234 aliis
1272 1197 1331 1234 vero

875 1268 1051 1320 immortalibus
1069 1271 1172 1320 iunonis
1181 1271 1256 1320 tilium
1273 1271 1389 1334 inclytum
1398 1271 1566 1337 (Vaticanum)
1582 1275 1657 1338 etque

875 1353 960 1416 ipsam]
970 1358 1087 1406 venerem
1095 1361 1166 1406 cantu
1175 1361 1200 1407 et
1209 1357 1283 1408 saeris
1292 1358 1423 1421 plscarrmt.

875 1441 964 1490 Ditatio
973 1447 1053 1492 autem
1063 1443 1086 1491 iu
1096 1443 1161 1493 diem
1169 1457 1264 1506 semper
1272 1457 1302 1494 ex
1310 1443 1351 1494 die
1360 1449 1412 1494 erat

874 1529 1046 1590 nauigation6s3
1056 1530 1146 1593 diuque
1155 1533 1291 1581 cessassent
1299 1531 1332 1580 ibi
1341 1535 1528 1596 oommorantea,

875 1613 922 1663 nisi
930 1619 1076 1666 convocatos
1085 1616 1164 1665 socios
1175 1630 1285 1666 seorsum
1294 1617 1463 1668 umulieribus

875 1701 990 1751 Hercules
999 1702 1088 1753 talibus
1097 1703 1181 1752 serbis
1190 1703 1317 1767 increpans
1326 1705 1538 1756 essebabouutus:

905 1787 998 1848 itiseri,
1006 1789 1114 1852 patriane
1123 1789 1270 1840 dommtims
1279 1791 1377 1853 sanguis
1387 1790 1553 1855 (cederhreet

875 1878 935 1922 nos?
944 1886 975 1941 en
984 1876 1074 1938 nuptiis
1083 1876 1214 1938 indigentes
1223 1877 1271 1926 bue
1279 1879 1390 1928 venimus

875 1958 942 2019 inde,
952 1961 1037 2024 spretis
1046 1963 1364 2015 civitatis-nostrmteminis?
1373 1964 1419 2015 iiio
1426 1965 1499 2028 igitur
1506 1964 1585 2030 plaeet

875 2046 1010 2097 habitantes
1018 2048 1114 2112 pinguia
1122 2061 1180 2098 arra
1188 2050 1271 2100 Lemni
1281 2050 1405 2101 scindere?

875 2135 927 2183 iton
936 2134 1041 2196 prolecto
1050 2135 1156 2186 celebres
1164 2150 1219 2186 euru
1228 2137 1358 2200 peregrinis
1367 2137 1508 2190 mulieribus

875 2221 964 2271 erimus
973 2225 1023 2270 tam
1032 2221 1075 2273 diu
1082 2224 1216 2286 eonjuneti;
1225 2237 1270 2274 nee
1279 2224 1356 2275 vellus

876 2306 938 2356 ultro
947 2307 1014 2358 dabit
1022 2309 1077 2372 quis
1085 2314 1207 2373 arreptum
1217 2309 1278 2360 deus
1287 2310 1450 2373 preeuntibus.

876 2395 1032 2444 Reuertemur
1040 2397 1142 2458 quisque
1150 2396 1249 2446 domum
1260 2411 1266 2444 :
1278 2397 1346 2447 iilum
1355 2409 1413 2447 vero
1422 2398 1447 2447 in
1455 2397 1518 2448 leuto

875 2479 1013 2543 Hypsipyle
1022 2480 1092 2532 sinite
1100 2494 1205 2532 ιιιαιιενε
1214 2483 1339 2533 totosdies
1345 2518 1353 2544 ,
1363 2482 1439 2534 donee
1447 2487 1564 2535 Lemnum

876 2565 931 2616 liliis
940 2566 1136 2630 frequentaverit,
1144 2581 1278 2632 magnaque
1290 2569 1388 2619 adeum
1398 2569 1462 2618 ianae
1474 2572 1619 2633 pervenerit.

907 2653 946 2703 Sic
954 2653 1089 2716 objurgavit
1097 2659 1199 2715 εωειιιιι,
1209 2668 1287 2718 neque
1296 2658 1378 2705 contre
1386 2655 1641 2719 συὶεσυειυυυευεοεσ

876 2739 958 2788 oeulos
967 2739 1088 2801 attollere,
1098 2752 1176 2803 neque
1187 2741 1291 2804 alloqui3

877 2838 961 2875 vuum
971 2826 1120 2876 sie-uterant
1128 2827 1267 2878 eooneione
1276 2830 1390 2891 puerunt
1398 2828 1491 2879 ebitum

877 2912 1024 2964 testinantes.
1035 2911 1478 2978 sedillte(Lemnioe)iisaeeurrerunt,
1486 2915 1528 2967 ubi
1536 2915 1657 2970 intellexe-

877 3003 929 3049 rant
932 2997 949 3063 .]
959 3002 992 3050 tit
1000 3012 1057 3051 vero
1066 2999 1162 3064 quondo
1170 3000 1220 3050 iilis
1227 3001 1327 3065 putebra
1335 3001 1535 3067 circumstrepunt
1543 3017 1602 3069 spes

877 3098 959 3151 erupe
967 3087 1065 3150 eiiusae,
1078 3087 1365 3152 epreulrmrisloeoeat,
1379 3089 1484 3153 undique
1492 3102 1550 3142 vero
1561 3094 1656 3155 praem

877 3173 997 3223 roscidum
1007 3173 1081 3235 ridet,
1091 3174 1185 3238 illasque
1193 3174 1289 3225 dulcem
1298 3174 1393 3225 aliunde
1402 3176 1476 3228 elium

878 3259 982 3310 bocum
991 3260 1096 3311 delibant
1105 3260 1215 3311 rotantes
1225 3275 1232 3310 :
1243 3262 1278 3311 sie
1287 3263 1360 3324 igituir
1369 3263 1408 3314 irae

877 3346 1001 3409 diiigenter
1009 3346 1073 3397 viros
1081 3347 1237 3410 queribuude
1246 3347 1465 3413 circumfuderunt,

877 3433 1035 3497 manibusque
1043 3437 1068 3483 et
1075 3434 1155 3485 verbis
1164 3434 1298 3486 salutarunt
1307 3436 1427 3500 singulos,

878 3524 1001 3583 preeuntes
1009 3518 1084 3582 deos,
1094 3533 1205 3571 securum
1214 3521 1319 3572 reditum
1329 3523 1512 3586 rat-iargirentnr.

877 3606 917 3656 Sie
926 3619 983 3656 vero
992 3607 1064 3657 etiem
1073 3607 1204 3671 Hypsipyle
1212 3612 1368 3673 preeataest,
1378 3622 1464 3661 manus
1472 3610 1623 3675 prebendas

878 3692 1012 3755 menide,
1022 3698 1095 3757 atque
1103 3694 1126 3744 ei
1135 3695 1286 3746 eduae-sunt
1302 3693 1405 3747 laerimae
1412 3696 1531 3749 desiderio
1537 3698 1656 3750 meantis

909 3780 953 3830 sbi
959 3783 1077 3844 ,inputa
1090 3785 1115 3831 et
1124 3785 1148 3831 te
1156 3781 1190 3831 dii
1199 3795 1256 3833 eum
1265 3783 1339 3832 salvis
1348 3787 1412 3833 retro
1420 3783 1493 3835 sociis

879 3879 978 3917 aureum
987 3869 1037 3930 regi
1048 3867 1125 3919 vellus
1134 3867 1250 3918 reducant
1258 3868 1397 3919 εθοτεειιειιι

879 3954 914 4004 sio
923 3957 950 4004 ut
959 3953 1026 4004 lubet
1035 3954 1126 4019 tibique
1135 3959 1229 4018 gratum
1238 3957 1276 4005 ert
1287 3955 1358 4005 :beer
1367 3967 1425 4006 rere
1432 3955 1513 4006 insule

879 4045 904 4091 et
913 4043 1145 4105 areptrsprtrismei
1154 4041 1393 4107 udteperiinebunt,
1403 4043 1424 4093 si
1433 4042 1616 4108 etiampostbae

879 4127 1006 4191 aliquando
1014 4140 1127 4179 reversus
1136 4129 1240 4179 volueris
1249 4129 1413 4201 retroredire.

880 4215 958 4265 Facile
966 4226 1024 4265 vero
1033 4215 1076 4266 tibi
1086 4216 1125 4266 rel
1134 4216 1253 4266 infinitum
1262 4216 1378 4280 populum
1387 4214 1484 4278 eolllges

880 4301 932 4351 aliis
941 4316 971 4353 ex
981 4302 1094 4365 urbibus;
1103 4307 1128 4352 ut
1136 4305 1163 4352 tu
1173 4301 1272 4365 quidem
1281 4315 1329 4352 non
1337 4315 1393 4352 euru
1402 4302 1510 4353 animum

881 4389 993 4450 babebis,
1003 4401 1081 4452 nequo
1091 4389 1144 4453 ipsa
1153 4389 1273 4453 prevideo
1282 4389 1316 4439 ita
1324 4391 1541 4442 eventurumesse.

880 4479 1001 4526 Memento
1009 4480 1089 4525 tamen
1099 4475 1185 4527 absens
1194 4489 1263 4540 eque
1272 4490 1300 4526 ae
1307 4489 1419 4527 resersus
1425 4475 1476 4538 iam

881 4561 1032 4625 Hypsipylm;
1042 4562 1149 4625 relinque
1158 4575 1216 4613 vero
1224 4563 1294 4613 nobis
1304 4562 1455 4625 mandatum,
1465 4561 1531 4626 quod
1538 4562 1658 4628 perficiam

881 4649 979 4710 lubens,
990 4651 1010 4698 si
1019 4650 1117 4713 quidem
1126 4649 1160 4699 dii
1168 4651 1329 4701 eoncessorint
1338 4651 1474 4714 utpariam.

912 4740 971 4787 Eam
980 4740 1062 4786 contra
1071 4738 1164 4787 AEsonis
1174 4738 1236 4787 iilius
1245 4738 1365 4787 admirans
1375 4736 1492 4786 aliourtus
1500 4741 1538 4787 est
1549 4751 1556 4787 ε

912 4824 1056 4886 Hypsipyle,
1066 4825 1119 4873 baec
1129 4824 1225 4887 quidem
1235 4824 1269 4873 sic
1278 4823 1376 4874 feliciter
1384 4823 1464 4874 omnia
1473 4823 1584 4875 eveniant

882 4909 929 4959 diis
939 4911 1074 4961 solentibus
1085 4927 1090 4960 :
1101 4916 1128 4960 tu
1139 4924 1195 4960 vero
1206 4911 1236 4960 de
1245 4925 1284 4961 rue
1294 4911 1437 4961 senteutiam
1447 4911 1570 4962 meliorem

860 5054 864 5063 Ι
883 5001 949 5056 tene,
959 4998 1070 5060 quoniam
1079 5000 1179 5061 patrium
1190 4998 1249 5048 mitti
1257 4997 1316 5049 satis
1325 5000 1375 5054 eti,
1387 4998 1453 5049 Pelia
1460 4998 1617 5060 eoncedente,
