3564 5640
173 307 230 349 uu
713 278 929 341 anrstto

172 444 271 506 mus,
286 440 405 512 neque
424 429 541 486 tamen
560 437 630 500 eas,
646 436 737 508 quas
755 436 859 506 sagax
879 412 946 483 viri
962 412 1091 507 egregii
1112 413 1301 508 ingenium
1323 412 1498 507 excogita·

174 543 234 631 vit,
249 537 350 636 quod
359 537 507 633 antiqua
524 535 632 606 lectio
644 533 771 628 putida
781 549 886 623 esset,
898 535 1007 604 nimis
1017 532 1196 629 languida,
1210 536 1331 605 minus
1345 534 1498 631 elegans,

171 681 238 739 etc.
256 665 464 736 Aliasetiam
480 661 675 732 nonnullas
688 662 913 733 coniecturas
926 686 1000 732 non
1009 660 1233 758 recipiendas
1246 662 1498 751 iudicavimus,

173 804 431 893 1111.17,τοῐοι,
449 794 534 889 quia
552 807 637 863 ante
648 792 749 862 hunc
765 815 909 862 versum
930 792 1070 888 aliquid
1082 792 1256 865 excidisse
1272 792 1499 889 probabilius

172 919 279 992 nobis
298 917 462 1004 videtur,
483 940 564 1012 quae
582 914 742 1011 suspicio
764 915 803 983 in
823 912 881 984 his
903 915 1072 985 carminis
1093 915 1312 986 centonibus
1332 914 1501 988 facillime

172 1057 348 1114 movetur.
365 1045 406 1110 In
424 1040 487 1128 iis,
509 1062 590 1135 quae
606 1041 834 1106 Hermannus
849 1035 894 1106 de
913 1060 945 1106 v.
960 1036 1007 1122 46
1024 1061 1102 1133 sqq.
1119 1036 1291 1134 disputat,
1305 1037 1395 1108 illud
1405 1053 1501 1109 certe

173 1170 560 1267 verumest,Lennepii
581 1174 666 1265 οὐρία
683 1169 848 1264 ineptum
870 1191 947 1237 esse
955 1220 965 1256 ,
985 1166 1030 1238 de
1052 1167 1200 1264 reliquis
1217 1192 1321 1268 vero,
1345 1193 1427 1265 quae
1440 1169 1502 1240 ad-

172 1297 237 1386 dit,
252 1296 359 1392 longe
373 1294 476 1365 aliter
491 1294 678 1363 sentimus.
707 1289 848 1386 Siquid
865 1289 910 1360 de
927 1305 1052 1361 nostro
1067 1292 1104 1361 in
1119 1306 1255 1361 textum
1271 1291 1502 1374 introducere

172 1429 429 1517 voluissemus,
446 1422 516 1505 ὀξέα
533 1423 811 1520 scripsissemus.
830 1421 902 1506 Qui
926 1445 1011 1491 cum
1034 1423 1243 1492 Hermanno
1268 1423 1306 1492 in
1332 1439 1500 1521 corrupta

173 1558 314 1653 vulgata
327 1556 536 1651 codicisque
556 1553 770 1625 Mutinensis
790 1551 946 1625 lectione
962 1577 1088 1624 vocem
1102 1549 1194 1636 οὖδας
1209 1578 1402 1648 agnoscere
1413 1557 1502 1646 vult,

172 1672 204 1760 is
227 1688 396 1758 coniiciat
423 1702 568 1783 poetam
595 1685 781 1782 scripsisse
815 1680 908 1765 οὖδας
928 1684 1092 1780 ἄκαμπτον
1111 1699 1174 1755 aut
1187 1685 1335 1783 ἄκαρπον.
1373 1690 1503 1785 Spatiis

173 1810 262 1900 illis,
279 1835 360 1907 quae
381 1810 476 1879 inter
496 1807 588 1878 duos
610 1830 733 1877 versus
748 1806 883 1903 passim
904 1805 1016 1894 vides,
1035 1806 1181 1878 lacunas
1205 1807 1445 1880 indicavimus
1464 1810 1502 1879 in

172 1933 245 2003 hoc
260 1945 438 2030 poemate,
453 1930 572 2002 verius
592 1929 735 2020 dixeris,
759 1930 796 2000 in
811 1928 869 1998 his
883 1930 1060 2026 poematis
1078 1929 1285 2025 fragmentis
1304 1956 1378 2002 non
1395 1956 1503 2002 raras.

222 2056 353 2140 Qumrx
368 2066 504 2122 textum
520 2051 626 2148 plane
644 2075 781 2121 novum
794 2049 992 2121 lectoribus
1010 2053 1143 2122 nostris
1163 2053 1350 2123 tradimus.
1371 2056 1506 2140 Quam·

177 2200 282 2274 quam
305 2175 366 2247 hic
384 2190 490 2272 poeta
505 2175 658 2245 alterurn
674 2173 981 2245 Rhodomannum
1000 2173 1131 2246 frustra
1142 2175 1265 2246 adhuc
1283 2176 1504 2274 expectabat,

175 2324 341 2397 novaque
358 2297 539 2388 editione,
560 2323 670 2395 quam
689 2298 919 2394 Spitznerum
934 2312 969 2367 et
989 2297 1206 2394 Koechlyum
1229 2301 1435 2371 coniunctis
1450 2303 1504 2372 vi·

171 2423 275 2495 ribus
293 2447 416 2521 parare
429 2422 641 2520 accipimus,
660 2444 877 2517 magnopere
891 2419 1040 2513 indiget,
1061 2435 1180 2491 tamen
1199 2422 1342 2515 triginta
1358 2423 1504 2496 duobus

171 2546 230 2618 his
248 2547 354 2617 annis
379 2561 463 2643 post
487 2544 678 2642 Tychsenii
704 2543 903 2615 editionem
926 2567 1055 2639 magna
1073 2544 1186 2614 moles
1205 2546 1503 2617 emendationum

172 2794 351 2884 invenies,
374 2819 455 2891 quae
475 2792 786 2881 Rhodomannus,
811 2790 902 2863 adeo
924 2793 1088 2863 Pauwius
1112 2808 1207 2863 recte
1229 2793 1378 2883 viderat,
1392 2794 1505 2890 Tych-

173 2918 295 2987 senius
313 2916 479 3011 neglexit.
493 2922 585 2987 Ecce
606 2914 781 3007 subsidia,
806 2913 942 3012 quibus
959 2917 1126 2986 instructi
1147 2915 1505 2990 Posthomericorum

174 3053 311 3108 textum
328 3038 586 3108 recensuimus.
603 3036 714 3106 Multa
730 3037 868 3132 egregia
889 3037 927 3106 in
944 3037 1141 3107 Hermanni
1164 3037 1334 3134 Orplricis
1356 3039 1504 3130 insunt,

174 3158 352 3230 nonnulla
372 3158 474 3229 utilia
486 3159 523 3230 in
534 3156 733 3230 Werniclxii
748 3158 1010 3228 commentario
1018 3157 1063 3227 ad
1074 3157 1377 3254 Tryphiodorum,
1392 3161 1505 3233 multa

172 3282 270 3353 bona
281 3283 319 3353 in
331 3282 509 3380 Spitzneri
520 3280 835 3353 observationibus
847 3283 885 3352 in
895 3282 1074 3368 Quintum
1088 3281 1135 3352 ad
1143 3283 1277 3353 calcem
1288 3283 1384 3375 libri,
1394 3310 1505 3381 quem

173 3405 217 3475 de
229 3430 336 3475 versu
350 3409 550 3476 Groecorum
564 3403 703 3475 hemico
721 3405 877 3500 scripsit,
893 3429 991 3474 anno
1010 3404 1101 3474 1816
1120 3403 1237 3476 editis.
1255 3406 1425 3477 Eiusdem
1445 3434 1506 3479 au·

174 3528 284 3598 ctoris
297 3527 573 3598 observationum
581 3531 619 3597 in
631 3529 754 3619 Quinti
763 3526 1026 3599 Posthomerica
1034 3527 1331 3624 particulaprima
1346 3543 1381 3601 et
1397 3531 1503 3602 altera

174 3649 371 3745 Vitebergae
390 3676 421 3721 a.
448 3648 537 3721 1815
555 3648 791 3746 prodierunt,
816 3650 920 3720 tertia
943 3674 1040 3720 anno
1066 3649 1154 3746 1837
1171 3653 1208 3721 in
1222 3653 1504 3725 Zimmermannr

174 3771 470 3869 ephemeridibus
487 3773 604 3869 (num.
630 3771 697 3859 143
714 3797 806 3868 sqq,
823 3796 902 3868 pag.
922 3772 1007 3843 1161
1031 3773 1128 3869 sqq.)
1146 3772 1213 3868 (1),
1230 3789 1422 3871 postquam
1442 3781 1505 3847 Bo·

174 3896 256 3967 nitii
272 3895 441 3990 symbolae
452 3898 629 3966 cn'ticoein
644 3897 813 3987 Quintum
827 3898 1046 3990 Smyrnoeum
1062 3893 1197 3965 ibidem
1211 3921 1310 3967 anno
1329 3896 1420 3969 1836
1442 3909 1508 3995 pu'·

173 4016 260 4090 blici
270 4019 363 4115 juris
382 4018 480 4090 sactae
497 4034 593 4089 sunt.
616 4019 784 4090 Struvius
810 4019 846 4088 in
867 4017 1118 4115 compluribus
1134 4019 1342 4091 libellorum
1367 4021 1505 4093 schola·

175 4143 362 4233 sticorum,
372 4167 465 4238 quos
476 4143 571 4213 inter
583 4166 723 4212 annum
741 4142 829 4238 1817
841 4157 876 4213 et
890 4142 978 4212 1822
991 4143 1206 4237 Regimontii
1216 4143 1341 4234 edidit,
1348 4147 1503 4240 egregias

173 4265 301 4351 Quinti
319 4264 590 4337 emendationes
605 4264 796 4361 proposuit
813 4263 878 4360 (1)
893 4264 1106 4337 Glasewaldi
1122 4269 1346 4338 coniectunea
1367 4270 1404 4339 in
1420 4293 1504 4365 poe-

215 4506 254 4585 (1)
277 4506 446 4584 Spitznerus
460 4526 575 4578 omnes,
588 4525 660 4584 quas
674 4506 710 4564 de
731 4505 842 4577 Quinto
857 4506 986 4584 scripsit,
1002 4506 1217 4567 observationes
1231 4509 1260 4567 in
1282 4529 1340 4568 uno
1359 4512 1502 4571 volumine

174 4612 340 4670 coniunctas
359 4613 525 4689 nuperrime
540 4611 639 4670 edidit.

216 4713 256 4792 (1)
271 4716 337 4785 Quo
360 4717 472 4775 rariora
489 4716 550 4775 haec
571 4717 681 4777 Struvii
707 4718 845 4794 opuscula
863 4731 930 4775 sunt
952 4729 1114 4796 paratuque
1130 4718 1307 4792 difficiliora,
1329 4741 1364 4779 eo
1379 4722 1501 4782 maiores

173 4819 278 4897 gratias
294 4819 414 4879 lectores
429 4823 520 4880 nostri
534 4822 683 4882 habebunt
696 4824 758 4880 viro
772 4822 929 4881 clarissimo
944 4836 973 4880 et
982 4823 1189 4883 humanissimo
1204 4829 1240 4881 de
1251 4829 1362 4901 Sinner,
1373 4829 1447 4905 quie
1459 4827 1501 4886 bi·

173 4922 332 4998 bliotheca,
345 4947 430 5002 quam
443 4927 530 4986 habet
544 4929 710 5006 opulentam
727 4941 814 5007 atque
831 4929 1009 5006 exquisitam,
1021 4929 1160 5007 integram
1170 4929 1285 4989 illorum
1301 4932 1499 4992 collectionem

174 5028 324 5090 nobiscum
336 5034 567 5091 communicavit.
