3564 5640
635 332 1119 397 am1uaan1enacuunra
1619 351 1658 413 2,

84 468 253 532 Antimachi
272 467 402 525 studioso
415 465 573 525 Heraclidae
590 467 703 524 Pontici
725 467 852 523 testimo·
890 467 1067 538 produceret.
1085 466 1147 522 Hoc
1159 483 1212 542 per
1224 483 1255 522 se
1265 464 1358 522 videri
1367 477 1463 541 potest
1475 465 1657 527 incredibile:

84 556 533 634 niumgravissimum,scrvatum
544 574 559 610 a
569 556 681 624 Proclo,
691 556 852 614 Commeat.
894 553 1007 608 interim
1022 565 1101 609 certo
1115 553 1278 611 testimonio
1289 565 1409 624 constat,
1420 556 1610 613 narrationem
1622 557 1658 615 de

84 648 117 702 in
135 648 209 704 Plat.
232 644 305 700 Tim.
323 645 345 712 Ι,
358 664 387 720 p.
401 643 438 699 28
452 641 526 699 med.
540 665 546 699 :
562 640 647 722 Εἴπερ
667 664 706 708 τις
720 641 795 708 ἄλλος
807 641 852 700 καὶ
895 640 988 715 epulis
1009 639 1112 715 quibus
1126 638 1263 697 Adrastus
1277 639 1353 697 domi
1372 659 1430 696 suae
1450 643 1563 718 excepit
1573 642 1659 703 duces

84 735 205 801 ποιητῶν
221 729 324 808 ἄριστος
347 728 465 811 upra-het
485 729 610 790 Πλάτων.
680 728 853 809 ἮρακλιΙδης
896 729 1041 797 collectos,
1056 728 1197 785 exstitisse
1217 729 1246 785 in
1271 726 1345 785 libro
1366 728 1481 804 quinto;
1504 730 1609 788 deinde
1623 752 1659 791 ex

85 821 176 896 γοῦνὸ
196 815 323 880 Ποντικός
336 839 415 898 φησιν
429 815 469 875 ὅτι
481 820 533 874 τῶν
543 815 667 897 ΧοιρΙλου
680 816 739 875 τότε
751 819 853 875 εὐδοαι-
897 814 1062 890 fragmentis
1080 816 1135 872 lroc
1158 816 1232 872 effici
1250 827 1352 892 potest,
1375 828 1488 891 poetam
1508 817 1536 873 in
1557 819 1660 878 itinere

87 906 208 984 μούντων
231 902 345 962 Πλάτων
369 902 403 963 rh
423 903 582 983 Ἀντιμάχου
602 903 789 985 προύτίμηοεν,
807 904 852 963 καὶ
896 902 1039 959 exercitus
1062 903 1209 979 pingendo
1227 902 1262 959 ad
1285 902 1398 979 mythos
1422 905 1569 978 laicorum,
1587 928 1661 984 quos

87 993 168 1051 αὐτὸν
189 990 277 1050 ἔπεισε
287 990 331 1050 τὸν
342 990 517 1070 Ἧρακλιίδην
532 996 568 1058 εἰς
583 994 725 1071 Κολοφῶνα
745 991 854 1051 ἐλθόντα
897 988 944 1044 ille
958 990 1078 1060 transiit,
1092 1009 1153 1047 esse
1165 990 1330 1066 digressum.
1353 991 1461 1059 Quare,
1482 992 1659 1053 etiamsinon

86 1077 125 1138 ab
137 1078 274 1154 ποιήματα
285 1076 406 1146 συλλέξαι
415 1085 460 1136 τοῦ
471 1077 570 1156 ἀνδρός.
581 1076 677 1148 Μάτην
692 1069 735 1136 οὗν
751 1079 853 1160 φληνα-
898 1087 1025 1133 tenemus
1040 1097 1188 1135 numerum
1201 1077 1279 1134 illum
1292 1078 1512 1154 Porphyrionis,
1524 1079 1660 1140 latissime

87 1165 401 1247 φοῧσιΙΙαλλΙμαχοςκαΙ
410 1169 515 1244 Δοῦρις,
526 1168 560 1232 ὡς
571 1163 713 1230 Πλάτωνος
726 1165 854 1232 abacistae
898 1174 1015 1219 tractata
1031 1165 1115 1221 t‘uissc
1129 1166 1224 1221 omnia
1237 1177 1265 1221 et
1274 1183 1358 1240 tynam
1370 1166 1478 1240 possint
1490 1166 1611 1242 plurima
1624 1190 1660 1228 ex

87 1256 184 1311 ῐκοινοῦ
195 1253 290 1332 κρίνειν
305 1252 424 1324 ποιητάς.
440 1255 545 1312 Notum
562 1254 648 1329 igitur
666 1265 695 1310 et
720 1266 852 1311 testatum
898 1252 1004 1325 mythis
1017 1264 1151 1329 congesta
1163 1263 1293 1328 apparet.
1308 1252 1420 1310 Horatii
1432 1255 1590 1312 versumde
1604 1258 1660 1314 llo·

89 1355 155 1398 erat
176 1342 303 1398 Platonis
322 1341 359 1397 de
382 1340 552 1397 Antimacho
567 1339 725 1415 jurlicium3
742 1360 774 1397 ac
794 1343 855 1398 sine
899 1355 987 1410 mero,
999 1337 1048 1414 iyui

90 1424 184 1484 dubio
196 1447 260 1485 cum
279 1429 341 1484 aliis
356 1425 482 1503 ejusdcm
495 1427 548 1483 viri
563 1428 591 1482 in
607 1446 639 1483 re
654 1427 764 1502 poetica
777 1428 854 1504 apud

90 1513 304 1573 Alexandrinos
317 1514 437 1570 multum
453 1512 624 1589 jactabatur.
642 1514 712 1582 Ouae
727 1533 772 1570 res
785 1517 808 1571 si
819 1516 855 1573 atl

89 1602 272 1659 narrationes
282 1603 341 1658 illas
348 1600 683 1659 PlutarchietCiceronis
693 1599 856 1674 adhibetur,
899 1615 956 1653 noo
965 1596 1088 1668 orditur,
1100 1596 1135 1653 ad
1148 1594 1322 1654 Thebaidem
1335 1597 1421 1653 resert
1430 1598 1525 1656 Acron
1535 1598 1579 1675 (ad
1587 1602 1620 1658 A.
1627 1601 1660 1661 P.

91 1707 155 1744 nou
174 1702 266 1765 potest
282 1690 350 1766 quin
368 1690 559 1764 suspicionem
578 1700 678 1764 augeat
693 1708 729 1746 ex
744 1689 856 1748 illarum
904 1685 977 1761 136).
994 1685 1030 1742 Et
1051 1685 1103 1741 hos
1115 1687 1193 1761 ipsos
1209 1684 1294 1742 luisse
1314 1690 1450 1742 terminos
1469 1689 1602 1745 carminis
1617 1689 1661 1764 (ut

91 1777 312 1849 comparatione
337 1786 440 1851 sponte
462 1773 651 1831 oborientem.
684 1775 721 1832 lis
736 1776 811 1833 enim
833 1778 856 1834 si
899 1770 1034 1828 observat
1045 1772 1212 1829 Welckerus
1223 1770 1259 1827 dc
1271 1771 1360 1846 Cyclo
1369 1791 1450 1849 epp.
1467 1778 1519 1832 103
1531 1775 1595 1852 ιαμ),
1606 1794 1661 1851 pro

92 1859 251 1926 credimus,
263 1862 345 1919 Plato
355 1862 400 1917 bis
414 1859 528 1917 auditor
537 1872 597 1916 erat
607 1861 781 1932 Antimachi,
793 1865 856 1939 pri·
900 1871 978 1915 certo
986 1857 1086 1915 haberi
1100 1871 1207 1936 potest:
1216 1878 1281 1915 nam
1291 1860 1425 1935 Meleagri
1437 1879 1514 1918 mors
1523 1862 1552 1918 io
1563 1881 1662 1920 caussa

93 1966 174 2004 mum
188 1969 275 2025 quum
287 1947 402 2025 juvenis
423 1959 496 2004 essct
509 1947 608 2024 viginti
624 1961 758 2024 quattuor
769 1971 858 2008 anuo-
900 1958 970 2017 erat,
984 1966 1037 2002 cur
1053 1957 1118 2022 post
1129 1946 1247 2003 Melania
1262 1945 1386 2002 liliorum
1403 1946 1505 2004 OEneo
1517 1946 1662 2004 insidiato-

93 2054 171 2104 rum,
187 2036 290 2092 deinde
300 2055 388 2112 quom
403 2037 449 2091 vir
462 2035 534 2091 sama
552 2035 674 2091 maxima
686 2036 804 2105 llorens;
814 2037 858 2096 bis
897 2046 964 2088 tum
980 2031 1085 2088 caedem
1108 2031 1223 2106 'l'ydeus
1238 2051 1273 2087 ex
1288 2032 1382 2107 patria
1400 2030 1577 2108 abigeretur;
1592 2035 1662 2092 ttio-

94 2121 244 2179 solabatur
269 2122 468 2181 Antimachum
491 2125 552 2199 ipse
565 2122 651 2180 salus.
666 2125 741 2182 Sami
763 2137 857 2184 autem
901 2117 989 2175 medis
1009 2118 1101 2175 reditu
1120 2119 1204 2195 plane
1221 2119 1373 2195 implentur
1392 2120 1529 2193 promissa
1550 2118 1662 2179 Adrasti

95 2207 223 2267 adfuisse
237 2211 385 2269 Platonem
397 2229 473 2266 anno
492 2219 560 2279 404,
574 2210 749 2268 Athenarum
767 2214 858 2270 victo.
900 2206 936 2263 de
948 2205 1117 2263 reducendis
1131 2206 1252 2282 generis.
1269 2206 1304 2263 Et
1315 2206 1510 2283 lipigonorum
1519 2227 1565 2264 res
1579 2228 1661 2265 com-

95 2319 158 2356 rem
175 2313 321 2368 sectatum,
333 2300 404 2357 nihil
421 2301 449 2356 in
463 2300 564 2356 ceteris
577 2299 755 2359 documentis
767 2304 860 2380 loqui·
900 2295 1013 2370 plexssm
1038 2314 1098 2351 0⁵⁵0
1118 2292 1302 2364 Thebaidem,
1324 2294 1481 2350 scholiaslae
1496 2295 1662 2371 tiriumpha-

96 2398 162 2456 tur;
178 2387 349 2462 lysandriis,
366 2389 524 2446 Samiorum
541 2406 619 2446 nova
641 2389 714 2446 sesto
732 2402 762 2446 et
777 2393 858 2467 quasi
902 2383 945 2439 nis
959 2383 1044 2438 etium
1061 2401 1143 2438 error
1162 2393 1322 2438 monstrare
1344 2380 1468 2451 videtur,
1490 2381 1525 2438 ad
1540 2383 1621 2440 Pacis
1634 2402 1661 2441 v.

96 2475 219 2550 privato,
247 2489 368 2533 certasse
391 2475 591 2534 Antimachum
617 2477 681 2552 ipso
706 2476 755 2535 illo
773 2498 858 2551 anno,
906 2475 989 2550 1²69,
1009 2469 1077 2553 ἀρχὴ
1098 2475 1151 2529 τῶν
1164 2472 1311 2550 Ἐπιγόνων
1330 2471 1504 2551 Ἀντιμάχου,
1521 2495 1611 2551 quum
1625 2479 1663 2536 sit

95 2580 183 2636 quem
197 2573 329 2637 tanquam
345 2563 424 2619 floris
435 2561 496 2637 ejus
521 2573 638 2618 annotat
657 2563 858 2638 Apollodorus,
901 2560 1100 2621 Alcmaeonirlis
1111 2560 1233 2617 initium.
1247 2560 1435 2618 Fortasscilla
1454 2580 1520 2637 pars
1536 2561 1663 2621 Thebai-

95 2648 205 2704 victum
219 2651 302 2706 etiam
314 2649 349 2706 ab
365 2640 501 2707 Nicerato
522 2653 645 2724 arandam
662 2651 790 2726 (fortasse
812 2671 859 2709 eo·
902 2651 945 2708 dis
960 2650 1103 2706 immensae
1123 2646 1276 2722 separatim
1292 2644 1436 2703 serebatur
1451 2649 1566 2705 nomine
1583 2647 1663 2708 Ἐπι-

97 2735 174 2805 dem,
190 2737 218 2792 in
233 2757 317 2812 quem
336 2735 481 2814 ἡττημένον
494 2735 545 2794 ὑπὸ
558 2736 676 2815 ΙΙριΙτυος
691 2739 858 2818 ῥαψῳδοῦντα
901 2737 994 2815 γόνων,
1004 2748 1033 2793 et
1046 2735 1098 2792 hac
1111 2733 1147 2790 de
1164 2753 1262 2790 caussa
1274 2734 1355 2810 prius
1367 2733 1458 2808 periit.
1473 2736 1543 2793 Nam
1555 2739 1663 2812 paucis-

96 2821 205 2879 dictum
222 2825 427 2901 Thrasymachi
439 2837 576 2881 memorat
594 2825 760 2882 Aristotcles
782 2827 858 2884 tthe-
902 2826 971 2880 sima
992 2842 1028 2879 ex
1053 2841 1085 2877 ea
1104 2832 1215 2876 servata
1228 2832 1303 2888 stant,
1317 2819 1422 2876 indicia
1436 2834 1528 2878 tamen
1543 2842 1600 2879 non
1623 2825 1664 2882 ita

98 2923 154 2968 tor.
167 2913 214 2977 ΙΙΙ,
228 2912 283 2988 ir),
296 2933 363 2971 saue
374 2934 429 2970 noo
441 2912 578 2970 credibile
591 2925 642 2970 est.
653 2915 858 2972 lusuatautem
903 2912 1008 2979 tenuia,
1026 2921 1058 2965 ut
1077 2907 1222 2983 Epigonos
1236 2907 1371 2963 cecinisse
1390 2907 1590 2965 Antimachum
1602 2910 1664 2969 sinc

96 2999 152 3054 alia
167 3018 283 3074 quoque
294 3001 324 3056 in
338 3001 382 3057 his
392 2999 612 3071 narrationibus,
627 3020 690 3076 quae
701 3001 857 3071 iictascsse,
903 2997 1068 3055 temeritatis
1086 2995 1214 3071 ΡΘΓΙΜΙΟ
1238 3013 1332 3070 neges·
1356 2993 1440 3052 Adde
1459 3013 1522 3071 (1¹1ae
1538 2996 1663 3056 diximus

96 3086 218 3143 sortasse
233 3107 290 3143 non
306 3089 366 3146 siue
378 3089 479 3160 ironia,
494 3109 530 3145 ex
545 3089 660 3164 cognito
673 3089 722 3145 illo
732 3091 859 3149 Platonis
902 3085 938 3142 ad
952 3086 1050 3159 fragm·
1069 3085 1113 3148 34·

92 3170 206 3248 judicio
221 3186 249 3230 et
270 3176 462 3233 Antimacheae
482 3195 602 3252 poeseos
623 3177 714 3233 rloctae
740 3198 793 3235 nec
812 3198 860 3255 po-
941 3174 967 3230 T
969 3171 1152 3229 ractsstlffllem
1171 3187 1265 3225 ferum
1286 3168 1663 3245 mylh⁰gffllihlfflmftti⁵⁵e‚

95 3262 206 3338 pnlaris
219 3263 315 3322 indole
335 3267 539 3323 demonstrent.
553 3265 727 3324 Luculeuter
738 3267 817 3326 deca
828 3288 858 3327 re
902 3264 964 3337 ipsa
993 3260 1150 3336 fragmenta
1168 3255 1344 3314 ostendunt:
1363 3256 1431 3313 hinc
1451 3259 1551 3333 cyclici
1571 3271 1664 3336 poeta

95 3351 232 3424 esposuit
246 3352 417 3423 Welclrerus,
431 3353 466 3410 dc
477 3352 564 3427 Cyclo
579 3352 661 3428 epico
674 3372 703 3429 p,
722 3356 775 3410 105
787 3374 858 3431 sqq„
902 3349 1047 3425 ingenium
1062 3357 1173 3403 veteres
1186 3344 1215 3400 in
1234 3363 1270 3400 eo
1292 3343 1441 3416 agnovisse
1459 3344 1665 3404 demonstravit

95 3434 126 3492 in
142 3455 200 3510 quo
214 3439 306 3514 capite
320 3439 430 3516 scepsio
448 3457 571 3515 agnosco
580 3439 753 3496 sanissimam
766 3458 794 3496 et
806 3439 856 3516 ju·
902 3437 1074 3496 Welclrerus.
1090 3432 1282 3502 Quintilianus
1290 3431 1358 3490 lnst.
1372 3430 1406 3497 Χ,
1422 3451 1446 3502 ι,
1463 3437 1478 3501 s
1490 3432 1591 3490 53:121
1603 3441 1664 3491 Aa·

97 3521 204 3579 dicium
225 3545 260 3581 ex
279 3525 339 3600 ipsa
361 3526 401 3582 rei
421 3537 521 3582 nutura
540 3525 667 3590 ductum,
687 3545 857 3603 quamquam
902 3520 1663 3595 u'maelrauisetgravirasetnriuimcvulgareelaquea-

96 3629 134 3666 ne
147 3624 336 3668 memoratum
349 3611 464 3687 quidem
475 3631 491 3668 a
503 3611 594 3669 Bodio
608 3613 638 3669 in
651 3613 775 3671 Historia
787 3634 859 3691 poe·
900 3613 931 3666 di
940 3629 1029 3688 genus
1043 3606 1128 3663 habet
1142 3607 1264 3659 laudem.
1276 3606 1333 3659 Sed
1342 3607 1473 3677 quamuis
1486 3608 1515 3659 ei
1521 3609 1663 3662 secundas

95 3716 162 3753 seos
174 3698 279 3755 Graecae
290 3700 358 3774 (vol.
374 3700 395 3770 Ι,
411 3720 439 3776 p.
456 3699 530 3775 515).
893 3699 959 3769 sere
971 3697 1047 3773 (post
1060 3692 1224 3765 Homerum)
1243 3693 1493 3763 graenuurtirorum
1513 3710 1664 3749 cousensus

138 3787 324 3843 Antimachus
340 3787 412 3844 viam
427 3807 443 3844 a
456 3787 584 3846 Clioerilo
596 3799 782 3845 monstratam
798 3809 856 3845 non
901 3789 1027 3859 deserum
1049 3794 1076 3837 et
1089 3776 1246 3852 affectibus,
1261 3779 1482 3846 etjacuadr'tute,
1504 3780 1664 3851 etatirposr'-

96 3873 857 3950 estpersecutusseddoctrinaectingeniivimomnem
902 3877 986 3938 tione,
1007 3882 1035 3926 et
1054 3869 1169 3923 cumino
1189 3865 1406 3937 artedeficr'tuQ
1427 3867 1559 3936 utplaae
1574 3867 1663 3921 maui-

95 3959 133 4017 ad
152 3973 264 4017 veteres
280 3961 392 4035 mythos
415 3961 535 4018 reflexit.
554 3963 681 4034 Homeri,
702 3961 784 4038 cujus
797 3983 858 4021 car·
892 3963 971 4030 serto
991 3967 1143 4032 appareat,
1158 3964 1266 4027 qrrauto
1277 3952 1403 4005 rituliad
1412 3956 1577 4024 proximum
1589 3972 1660 4024 esse,

96 4047 173 4105 mina
188 4048 301 4124 scriptis
314 4048 465 4106 illustravit
481 4059 510 4105 ct
520 4048 694 4120 emendavit,
706 4050 799 4107 studio
812 4051 858 4107 in·
901 4051 983 4104 aliud
992 4045 1157 4101 sectandum.
1172 4038 1373 4114 llispositionis
1387 4038 1589 4110 Antimachum,
1599 4058 1663 4116 quae

96 4136 224 4192 nutritus
236 4138 275 4209 (v.
298 4136 410 4194 'l'atian
425 4136 499 4193 Arlv.
514 4134 630 4194 Giaecos
645 4156 674 4214 p.
690 4140 759 4212 269,
774 4140 796 4196 A
811 4137 857 4196 ed.
901 4134 1013 4209 mythos
1032 4150 1069 4187 ex
1087 4127 1193 4204 mythis
1209 4138 1329 4197 sereret,
1349 4125 1430 4202 quasi
1449 4126 1593 4201 specimen
1614 4146 1664 4184 su·

95 4221 210 4291 teneda
220 4223 456 4300 woliProlegp.
466 4227 738 4300 curuisqq.)‚epos
749 4225 857 4301 ingens,
900 4240 1014 4299 peresse
1028 4216 1114 4275 credo
1126 4217 1154 4273 in
1168 4213 1275 4291 garruli
1294 4213 1484 4290 descriptione
1498 4213 1575 4290 apud
1592 4214 1663 4272 Plu-

100 4313 283 4379 Tterataem,
306 4311 474 4387 composuit.
503 4312 545 4369 lle
566 4309 648 4386 cujus
670 4309 779 4368 ambitu
795 4310 856 4368 haec
901 4311 1039 4367 tarchrun.
1049 4308 1138 4375 Unus,
1152 4303 1243 4380 inquit
1255 4301 1295 4380 (p.
1310 4302 1377 4371 513,
1390 4305 1424 4372 A,
1439 4303 1482 4378 B),
1497 4302 1662 4378 interroga·

96 4397 280 4474 Porphyrion
293 4397 327 4456 ad
347 4398 456 4455 Horatii
466 4399 499 4457 A.
516 4398 549 4455 P.
574 4399 648 4455 136:
665 4400 856 4454 Antimachus
902 4390 1538 4467 tus,lutusneSocratesiresponrlettanquam
1546 4390 1662 4461 invitus,
1733 4455 1740 4467 l

91 4485 149 4555 suit
161 4487 285 4562 anrliarar
296 4499 396 4563 poeta.
413 4488 467 4541 Hic
483 4501 686 4558 aggressusest
701 4487 858 4556 eriatrriam,
903 4487 964 4544 Mon
975 4494 1034 4554 est;
1046 4483 1116 4540 alius
1127 4479 1225 4558 paullo
1239 4479 1399 4545 humanior,
1416 4475 1585 4553 respondet,
1599 4477 1661 4534 Nou
1715 4476 1731 4495 “’

94 4593 184 4649 quam
200 4579 240 4628 sic
259 4575 397 4641 extrudit,
415 4585 446 4628 ut
464 4576 579 4629 XXIII
592 4576 737 4628 uolumina
750 4577 854 4647 irupte-
900 4583 944 4628 est
954 4572 1039 4636 irttus,
1049 4568 1098 4626 sed
1115 4567 1150 4624 ad
1162 4586 1272 4624 mensus
1283 4569 1316 4623 :b
1331 4563 1358 4623 δὲ
1376 4564 1495 4644 περιττὸς
1508 4562 1553 4621 καὶ
1567 4559 1662 4621 autt-

953 1467 1075 1526 reditom
1083 1468 1229 1528 Diomedis
1239 1467 1275 1527 ab
1283 1469 1398 1527 interitu
1407 1470 1543 1548 Meleagri

94 4664 163 4717 ecrit
185 4672 339 4735 antequam
361 4674 468 4735 septem
483 4663 569 4717 duces
581 4680 670 4735 usque
686 4663 728 4716 ad
744 4659 856 4717 Thebas
901 4655 1023 4737 οχηηᾶν
1038 4678 1068 4733 γι
1083 4652 1115 4726 δὴ
1133 4651 1202 4733 τύχη
1215 4653 1259 4711 καὶ
1272 4651 1316 4710 τὸν
1333 4650 1497 4732 Κολοφώνιον
1509 4647 1662 4729 ἀνεγνωκὼς

124 4881 231 4931 Proetus
243 4882 390 4930 :Poetarum
403 4893 507 4942 quoquc,
520 4881 607 4943 siquis
618 4881 688 4942 alius,
701 4881 808 4944 optimus
816 4881 852 4942 ju·
897 4878 1031 4930 Heraclidas
1046 4876 1173 4935 suaderet,
1188 4875 1382 4939 proficisceretur
1394 4874 1559 4936 Colophonem
1568 4876 1594 4922 et
1604 4885 1661 4923 con·

92 4951 140 5002 dex
156 4953 208 5001 erat
218 4949 295 5000 Plato.
312 4949 450 5000 Heraclides
460 4951 525 5000 enim
542 4952 729 5001 Ponticos-enm
748 4953 848 5007 narrat,
896 4949 999 5012 quireret
1011 4947 1083 5009 trojus
1094 4946 1139 4994 virt
1148 4949 1268 5009 poemata.
1279 4947 1378 4994 Frustra
1389 4942 1507 4992 blaterant
1517 4954 1573 5005 crgo
1583 4942 1658 4993 calli·

92 5032 171 5089 quom
188 5019 230 5069 illo
249 5023 356 5083 tempus
369 5020 469 5070 cttoerilt
486 5021 628 5070 carminata
648 5033 745 5070 summo
760 5020 852 5069 honore
896 5018 996 5068 machus
1006 5019 1032 5066 et
1043 5016 1125 5074 Duris,
1139 5015 1209 5078 quast
1220 5015 1347 5065 etannoa
1359 5016 1422 5063 esset
1434 5012 1653 5076 Moncusludictn·

92 5089 250 5168 haberentur,
265 5089 402 5153 prututase
416 5089 508 5154 raupta
523 5090 658 5141 Andmcht
669 5104 675 5140 :
688 5090 750 5141 arico
767 5088 852 5152 otiosi
899 5088 939 5139 dis
948 5086 1035 5152 poetis.
1598 5083 1605 5105 ¹
