3564 5640
52 250 1620 445 νιαοιοοιοοιοοιοοοοοιιυοοοοοιοοισοοοοιοοιιι

174 566 968 812 CHOERILI
1051 565 1513 804 Satala

565 981 1117 1111 FRAGMENTA.

732 1239 971 1269 ..ηομ-

97 1437 192 1499 Etiam
205 1435 235 1492 in
248 1433 304 1491 hoe
321 1443 407 1510 poeta
423 1429 641 1491 fundamentum
659 1426 825 1505 quaestionis
868 1438 961 1498 neret,
974 1443 1062 1503 quam
1076 1437 1108 1483 ut
1123 1425 1209 1503 longa
1224 1424 1262 1485 de
1276 1426 1339 1484 rita
1351 1424 1466 1484 Choerili
1482 1427 1640 1504 fingeretur

57 1539 126 1586 sunt
140 1523 226 1584 verba
242 1522 352 1584 Suidae:
365 1518 504 1599 Χοιρίλος,
520 1516 636 1596 Σάμιος,
647 1513 715 1581 τινὲς
729 1513 757 1573 δὲ
771 1513 826 1574 Ἰα-
869 1527 897 1571 et
908 1514 1045 1572 continua
1058 1513 1200 1584 narratio,
1217 1525 1381 1591 temporum
1393 1514 1507 1572 Choerili
1522 1514 1640 1591 calculis

58 1617 121 1681 σὲα,
135 1611 210 1670 ἄλλοι
232 1607 259 1667 δὲ
280 1605 471 1689 Ἁλικαρνασέα
487 1609 630 1686 ἱστοροῦσι.
651 1600 777 1663 Γενέσθαι
796 1598 825 1658 δὲ
869 1621 989 1678 prorsus
1005 1600 1158 1658 adversa.»
1176 1603 1240 1660 lam
1260 1602 1358 1678 igitur,
1374 1621 1427 1679 per
1443 1615 1556 1679 tempus
1571 1602 1639 1679 qui-

58 1698 129 1761 κατὰ
151 1696 287 1758 Πανθασιν
305 1705 359 1760 τοῖς
373 1693 489 1774 χρόνοις·
503 1691 548 1751 ἐστι’
566 1690 594 1750 δὲ
612 1695 665 1750 τῶν
679 1692 827 1770 Περσικῶν,
870 1689 945 1760 dem,
955 1688 1069 1746 Choerili
1080 1708 1146 1746 cum
1157 1689 1303 1746 llerodoto
1313 1690 1516 1747 commercium
1527 1690 1640 1748 admitti
1679 1684 1703 1751 *l

59 1785 223 1864 Ὀλυμπιάδι
233 1780 419 1860 οε’,νίανίσκον
428 1781 479 1853 ἤδη
490 1771 566 1839 εἶναι.
574 1765 713 1841 nostiae
723 1775 827 1854 Σαμίου
870 1777 994 1855 poterit;
1005 1776 1061 1833 nisi
1070 1775 1160 1853 (quod
1172 1777 1268 1853 potius
1278 1776 1460 1853 crediderim)
1471 1777 1569 1834 lictum
1580 1797 1642 1836 esse

60 1875 129 1942 nabe
143 1873 221 1932 αὐτὸν
235 1869 369 1951 γενέσθαι,
385 1870 470 1940 εὐειδῆ
485 1868 555 1927 πάνυ
570 1866 619 1940 τὴν
639 1865 724 1947 ὥραν·
739 1871 827 1944 φυγεῖν
871 1864 997 1922 ἀίουσαι
1010 1864 1159 1940 utriusque
1173 1863 1229 1921 viri
1245 1863 1341 1922 studio
1355 1864 1501 1922 simillimo
1522 1865 1643 1922 Graeoo-

58 1965 127 2022 τιέκ
137 1961 231 2038 Σάμου
241 1959 287 2018 καλ
296 1957 329 2018 Ἡ
348 1956 430 2037 ostra
437 1959 476 2036 τῷ
485 1958 608 2034 ἱστορικῷ
616 1950 829 2033 ταριδριύσαντα
872 1972 935 2010 rum
952 1970 1057 2028 magna
1071 1964 1149 2028 gesta
1170 1951 1347 2010 celebrandi.
1374 1952 1481 2022 Naehio,
1493 1951 1643 2029 pensitatis

58 2049 146 2127 λόγων
156 2049 306 2129 ἐρασθῆναι·
319 1981 417 2108 abrasos
427 2040 505 2100 αὐτὸν
518 2041 564 2100 καλ
575 2037 686 2099 παιδικὰ
695 2037 830 2117 γεγονέναι
871 2039 1022 2108 omnibns,
1034 2041 1150 2099 videtur
1163 2040 1302 2100 Choerilns
1316 2053 1401 2098 natus
1408 2060 1470 2098 esse
1479 2039 1644 2117 olympiade

59 2136 150 2218 φασίν.
159 2135 315 2193 Ἐπιθέσθαι
327 2129 354 2190 δὲ
364 2133 501 2209 ποιητικῇ,
511 2129 557 2187 καλ
571 2130 725 2197 τελευτῆσαι
735 2127 763 2184 ιν
773 2128 830 2185 Μα-
873 2150 909 2202 77
925 2131 1120 2201 lereineunte,
1130 2128 1174 2187 vel
1187 2148 1213 2185 a.
1223 2128 1292 2186 Chr.
1308 2137 1375 2199 47²·
1390 2129 1452 2186 lloc
1465 2128 1488 2186 si
1499 2128 1643 2200 statueris,

60 2217 389 2303 εαδονίρπαρθἏρχελάῳ
396 2221 433 2298 τῷ
440 2216 586 2287 adseritis
595 2212 831 2294 βασιλεῑ.Ἐγραψι
872 2219 902 2276 in
914 2219 1033 2296 reliquis
1045 2218 1124 2277 nulla
1140 2216 1295 2274 difficultas
1309 2237 1316 2272 ι
1331 2228 1503 2274 suntantem
1513 2215 1562 2274 illa
1578 2237 1644 2294 quse

60 2309 90 2370 θλ
108 2316 204 2369 ταῦτα·
220 2306 268 2378 τὴν
288 2305 429 2378 Ἀθηναίων
448 2303 523 2374 νίκην
540 2301 609 2362 κατὰ
625 2299 786 2383 Elpias-,ip
800 2291 830 2358 ob
873 2305 910 2363 de
928 2306 1076 2382 Lysandro
1090 2317 1119 2363 et
1133 2305 1273 2363 Archelao
1287 2304 1444 2363 Choerilum
1464 2322 1562 2361 secum
1581 2324 1645 2363 esse

59 2374 210 2472 ποιήματάς
224 2394 293 2454 κατὰ
312 2392 403 2472 στίχον
423 2395 541 2472 στατῆρα
555 2395 669 2470 χρυσοῦν
683 2386 775 2460 uasa,
786 2385 831 2446 καλ
873 2393 1040 2451 volentibus
1050 2404 1213 2451 narrantur.
1225 2391 1412 2462 Plutarchus,
1424 2392 1490 2448 Vita
1500 2390 1643 2466 Lysandri

62 2485 111 2546 obv
125 2494 178 2550 τοῖς
190 2482 311 2563 Ὁμήρου
326 2479 551 2559 ἀναγινώσκεσθαι
565 2478 706 2559 ἐψηφίσθη.
723 2478 832 2551 Λαμια·
874 2499 899 2537 c.
919 2480 953 2536 18
966 2501 974 2537 ι
989 2479 1089 2557 Σάμιοι
1107 2476 1135 2535 δὲ
1147 2475 1181 2536 τά
1195 2476 1258 2558 παρ’
1277 2479 1364 2545 αὐτοῖς
1377 2475 1475 2556 Ἡραῖα
1490 2478 1643 2559 Λυσάνδρου

62 2571 109 2645 xit,
122 2572 168 2631 stol
184 2571 252 2629 ἄλλα
267 2568 326 2627 τινά
340 2567 477 2645 ποιήματα
491 2567 571 2624 αὐτοῦ
582 2563 695 2647 φέρεται.
706 2565 832 2623 samium
874 2567 964 2623 καλεῖν
980 2564 1151 2646 ἕψηρθσαντο·
1165 2568 1217 2622 τῶν
1229 2562 1257 2621 δὲ
1271 2567 1385 2622 πολιτῶν
1400 2562 1523 2644 Χοιριλον
1538 2563 1586 2641 μὲν
1600 2563 1643 2623 ἀεὶ

64 2661 151 2718 inisse
164 2657 320 2718 Choerilum
330 2669 411 2714 extra
423 2653 632 2713 dubitationem
642 2653 766 2730 positum
779 2663 830 2712 est.
874 2653 934 2731 περὶ
955 2653 1031 2712 αὑτὸν
1052 2643 1131 2733 εἶχεν,
1154 2655 1189 2719 ὡς
1215 2651 1383 2729 κοσμήσοντα
1405 2650 1453 2717 rit<
1472 2651 1578 2733 πράξεις
1600 2651 1644 2712 διά

63 2748 131 2806 Alia
143 2746 274 2824 quaedam
294 2744 457 2801 testimonia
477 2741 589 2800 videbis
608 2742 692 2799 inira.
708 2740 834 2799 ilalicar·
874 2745 1022 2812 ποιητικῆς.
1044 2744 1135 2813 Quem
1153 2742 1247 2799 locum
1264 2743 1422 2799 rectissime
1435 2743 1513 2819 cepit
1531 2742 1645 2801 ttaetim

63 2834 207 2892 nassensis
222 2832 278 2888 dici
292 2843 404 2908 poterat
419 2829 519 2901 abiis,
534 2830 584 2907 qui
600 2828 741 2887 llerodoti
754 2827 834 2885 attdi-
876 2848 904 2906 p.
922 2831 1050 2905 46-49.
1067 2829 1217 2905 Lysander
1230 2829 1413 2907 quambrevi
1430 2842 1496 2907 post
1511 2831 1644 2907 praelium

64 2934 156 2979 torem
174 2933 203 2977 et
217 2919 332 2976 delicias
350 2916 544 2996 perhiberent.
560 2918 655 2975 lasum
673 2916 702 2972 in
720 2927 833 2992 tempus
876 2915 912 2973 ad
929 2917 1013 2993 ὧροι
1030 2917 1137 2974 flumen
1154 2918 1259 2974 irustra
1280 2918 1506 2995 oppugnavisset
1527 2920 1643 2977 Samum

63 3010 218 3068 mittamus.
233 3010 328 3079 Quum
340 3025 392 3084 per
402 3004 589 3081 Panyasidem
602 3005 664 3080 ejus
676 3016 743 3061 aetas
761 3003 831 3060 deli-
876 3004 995 3082 (olymp.
1005 3006 1055 3081 93,
1070 3005 1109 3081 4),
1123 3017 1222 3083 postea
1237 3017 1322 3083 capta
1338 3006 1515 3064 Athenarum
1529 3005 1603 3065 urbe
1616 3019 1646 3064 et

51 3085 171 3166 piatur,
189 3095 376 3173 quaerendum
397 3106 470 3170 quot
491 3093 550 3151 lere
567 3093 650 3150 anuis
668 3091 718 3149 illo
733 3090 834 3168 junior
875 3092 967 3170 longis
983 3095 1073 3152 muris
1091 3093 1214 3164 eversis,
1228 3095 1418 3171 expugnavit,
1439 3106 1551 3154 veteres
1568 3096 1646 3153 cives

63 3185 153 3241 fuisse
165 3181 372 3242 existimandus
385 3181 422 3238 sit
435 3201 441 3236 :
455 3200 520 3236 narn
534 3179 634 3256 junior
647 3191 717 3238 erat.
733 3179 833 3254 Olym-
876 3181 1025 3239 constituit
1039 3194 1068 3240 et
1081 3182 1360 3240 administrationem
1372 3202 1469 3240 rernm
1482 3184 1646 3260 composuit

64 3270 152 3348 piade
166 3269 374 3348 septuagesima
391 3268 489 3346 quinta
500 3267 561 3325 sive
575 3286 651 3324 αιιιιο
665 3277 722 3342 479
732 3267 755 3324 si
766 3266 835 3324 ado-
876 3267 987 3346 (01.94,
1006 3267 1044 3347 1).
1062 3270 1135 3327 llinc
1149 3289 1283 3347 magnum
1295 3271 1457 3328 Samiorum
1472 3270 1599 3328 studium
1615 3271 1646 3330 in

63 3362 175 3421 lescens
185 3372 256 3430 erat,
263 3360 388 3436 primum
401 3357 541 3417 llerodoti
553 3356 663 3414 deliciae
675 3376 733 3414 uon
746 3370 833 3434 pote-
876 3356 1074 3432 Lysandrum
1089 3358 1140 3434 qui
1155 3359 1248 3416 civem
1261 3358 1407 3435 ipsorum,
1431 3378 1552 3436 poeseos
1570 3360 1646 3417 lama

63 3462 180 3508 ratesse
192 3469 267 3506 anno
277 3448 333 3513 484
343 3447 417 3514 nati;
429 3444 535 3503 deinde
545 3444 580 3501 ad
590 3444 763 3503 Archelaum
775 3465 832 3502 non
877 3445 1001 3502 maxima
1015 3445 1180 3516 florentem,
1198 3466 1229 3504 se
1240 3447 1371 3505 comitari
1385 3448 1495 3519 voluit,
1515 3467 1566 3526 spe
1588 3447 1646 3505 du-

63 3536 163 3594 veuire
180 3547 248 3593 ante
262 3553 370 3590 annum
388 3532 481 3589 aetatis
493 3532 734 3610 septuagesimum
751 3546 835 3590 octa·
877 3543 940 3590 ctus
954 3532 1014 3590 lore
1029 3534 1159 3609 ntipsius
1169 3552 1287 3610 quoque
1297 3533 1448 3611 splendide
1460 3533 1535 3591 foeta
1545 3535 1647 3592 carmi-

63 3642 151 3693 num,
163 3642 230 3681 σιιιιι
244 3621 394 3698 Lysandro
411 3634 508 3678 autem
525 3618 651 3677 debebat
668 3639 730 3678 esse
745 3640 834 3679 senex
876 3618 963 3676 nibus
977 3619 1144 3678 celebraret.
1157 3619 1251 3678 Verba
1264 3617 1354 3677 τῶνδὲ
1367 3622 1569 3678 πολιτῶναιυιε
1580 3640 1646 3680 eum

64 3711 126 3769 lere
140 3709 360 3787 nonagenarius,
378 3706 467 3784 idque
480 3705 633 3783 κοσμήσων,
650 3718 682 3763 ιιι
698 3706 835 3785 sperabat
876 3705 1073 3783 superioribus
1076 3702 1241 3784 jungenda3
1252 3719 1281 3764 et
1289 3708 1385 3764 omnia
1392 3706 1464 3764 berre
1472 3707 1644 3785 procedunt:

65 3797 226 3874 Lysander,
239 3793 286 3862 τθις
305 3793 411 3876 πράξεις
427 3796 506 3852 αὐτοῦ
524 3792 567 3851 ut
578 3797 724 3865 ποιητικῆς.
740 3820 752 3844 ν
763 3796 835 3853 llinc
876 3796 928 3851 τῶν
944 3792 971 3852 δὲ
991 3797 1108 3865 ποιητῶν
1124 3796 1148 3851 si
1169 3794 1313 3871 praeferas,
1328 3795 1402 3852 male
1413 3795 1474 3852 haec
1482 3794 1583 3870 juncta
1597 3817 1646 3854 re-

64 3886 197 3961 sequitur
209 3883 316 3962 (inquit
328 3882 441 3941 Naeltius
450 3902 478 3958 p.
489 3881 540 3959 ²4)
552 3894 582 3938 ιιι
594 3882 696 3939 salsum
706 3882 743 3939 sit
755 3883 834 3960 quod
877 3884 981 3960 peries.
993 3883 1039 3940 Ex
1048 3882 1185 3940 Parisiuis
1193 3881 1343 3941 codicibus
1354 3895 1492 3960 quattuor
1502 3883 1558 3941 hoc
1568 3884 1647 3941 exhi·

66 3974 141 4031 dixit
151 3971 264 4042 Suidas,
280 3970 433 4029 Choerilum
446 3968 506 4045 jam
524 3969 733 4028 adolescentem
748 3971 836 4030 luisse
877 3969 956 4042 bent,
970 3969 1007 4028 ab
1021 3971 1057 4028 iis
1071 3971 1183 4028 illatum
1197 3972 1248 4048 qui
1259 3985 1450 4048 posteaquam
1464 3979 1526 4029 cr'vr's
1539 3992 1645 4030 nomen

64 4057 238 4134 Olympiade
247 4057 294 4128 75.
304 4058 426 4114 Caussas
435 4058 543 4114 erroris
553 4057 836 4134 prilnasnemonunc
877 4059 945 4116 hnic
959 4059 1025 4116 loco
1036 4059 1131 4136 aptius
1141 4079 1203 4116 esse
1212 4059 1371 4117 crederent.
1383 4060 1503 4119 Πολιτῶν
1518 4061 1645 4118 servavit

64 4145 209 4222 dispiciet.
220 4146 320 4202 Potest
337 4146 367 4202 in
383 4146 512 4203 carmine
526 4145 641 4204 Choerili
655 4147 743 4205 fuisse
758 4147 835 4205 unde
878 4146 969 4206 codex
987 4149 1058 4218 1671
1082 4145 1315 4224 (Wyttenbaehio
1330 4152 1389 4220 A):
1403 4148 1488 4224 q'uern
1499 4148 1554 4205 alia
1571 4167 1647 4226 quo-

65 4233 251 4308 colligeretur
263 4244 381 4310 poetam
402 4244 476 4305 tum,
490 4253 581 4309 quum
596 4234 738 4291 Graeciam
752 4234 836 4291 inva-
877 4255 933 4312 qne
944 4234 1051 4294 sincera
1066 4235 1170 4293 oiierre
1186 4235 1312 4307 memini,
1322 4235 1352 4293 in
1362 4237 1452 4294 altero
1465 4235 1562 4294 codice
1571 4237 1648 4314 opti·

65 4319 150 4377 deret
173 4320 295 4392 llerxes,
309 4320 478 4379 adolevisse.
501 4321 779 4399 Quomodocumque
800 4321 837 4380 de
878 4341 925 4379 mo
950 4323 1024 4394 1672
1055 4320 1158 4399 (wya.
1186 4323 1226 4395 E)
1250 4324 1348 4382 eadem
1370 4326 1478 4402 scripta
1499 4323 1647 4383 Plutarchi

66 4407 288 4466 caussiserroris
297 4419 466 4479 statuamus,
477 4408 589 4466 facilius
597 4409 730 4468 accidere
740 4409 837 4488 potuit
877 4410 1081 4487 complectente
1090 4413 1151 4487 jam
1166 4411 1274 4471 vitiata.
1283 4414 1352 4472 Post
1364 4412 1440 4470 Sami
1455 4412 1647 4490 expugnatio-

66 4507 100 4552 ut
115 4513 222 4552 annum
233 4495 434 4554 adolescentiae
448 4495 565 4554 Choerili
578 4496 682 4574 aliquis
695 4497 767 4555 salso
784 4517 837 4576 po-
878 4518 943 4556 nem
959 4499 1010 4566 illi,
1020 4519 1093 4577 quos
1101 4500 1271 4560 Plutarchus
1285 4514 1389 4574 namot,
1400 4501 1523 4560 honores
1536 4502 1648 4577 Lysan-

97 4655 229 4716 Clurnlus,
241 4657 337 4706 Samius
350 4672 357 4704 ι
372 4670 445 4720 quem
458 4658 568 4708 nonnulli
579 4661 710 4720 laseuseru,
724 4658 765 4708 alli
775 4672 834 4710 vero
863 4662 945 4710 eunt.
962 4660 1077 4710 Animum
1089 4665 1170 4712 autem
1182 4662 1211 4711 ad
1224 4664 1343 4725 poeticam
1354 4663 1489 4727 appulisse,
1497 4666 1523 4713 et
1532 4662 1559 4712 ln
1568 4665 1646 4715 Μισο-

65 4725 305 4778 Halicarnasseusem
324 4728 401 4777 luisse
413 4728 526 4790 tradunt3
539 4729 658 4792 equdem
677 4728 833 4792 Panyasidis,
876 4729 1050 4781 doniaohilsse
1064 4731 1129 4794 apud
1141 4734 1300 4794 Archelaum,
1314 4737 1374 4783 tunc
1390 4733 1455 4784 illins
1470 4735 1543 4784 terrae
1553 4746 1644 4797 regern

65 4801 91 4848 et
101 4795 278 4846 adolescentem
287 4799 337 4859 iam
348 4797 406 4847 belli
417 4800 508 4848 Persici
517 4798 681 4862 temporibus,
698 4798 836 4862 olympiade
877 4802 981 4865 Scripsit
996 4815 1055 4853 vero
1071 4803 1124 4852 haar
1134 4818 1141 4850 ι
1153 4803 1287 4854 Victoriam
1301 4803 1484 4853 Atheniensium
1500 4803 1531 4853 de
1546 4805 1645 4856 xerxe:

65 4865 245 4930 septuagesima
257 4867 352 4929 quinta.
372 4868 439 4917 ldem
453 4882 538 4919 servus
554 4869 629 4919 luisse
642 4870 747 4920 traditur
761 4870 836 4920 Samii
877 4885 922 4934 pro
932 4875 1003 4936 enjus
1013 4874 1134 4936 ροειιιιιιίν
1143 4873 1245 4936 singulis
1256 4873 1367 4923 versibus
1376 4886 1477 4923 aureum
1487 4876 1600 4924 staterem
1610 4887 1647 4925 ao·

64 4935 204 4999 onjnsdam
217 4937 296 4986 lonua
307 4937 470 5000 pulcherrima
481 4940 617 5002 praeditus:
635 4942 660 4990 et
672 4941 837 5003 Samoprotu·
876 4942 989 5004 eeplt3et
1000 4942 1127 4993 decretum
1137 4943 1199 4999 luit,
1213 4948 1241 4993 ut
1251 4943 1474 5007 poemailludoum
1485 4943 1646 4997 llomerloar·

64 5020 130 5071 gos,
144 5019 221 5070 quum
236 5007 360 5058 fluudoto
377 5009 494 5059 historiae
504 5018 604 5074 operam
615 5009 698 5067 daret,
711 5011 835 5062 literarum
877 5012 987 5063 minlbus
998 5013 1148 5063 recitaretur.
1160 5014 1288 5075 Lamiam,
1303 5017 1329 5064 et
1339 5013 1386 5064 alia
1397 5014 1511 5078 quaedam
1526 5015 1580 5080 ejus
1590 5027 1646 5081 poe·

65 5088 150 5126 amore
165 5079 251 5139 coptus
267 5089 321 5128 esse
334 5079 469 5129 :Herodoti
485 5080 559 5130 etum
574 5080 697 5131 amasium
712 5080 789 5132 luisse
799 5082 835 5132 dl·
877 5084 942 5131 mata
953 5082 1073 5132 teruntur.
