3564 5640
722 318 788 363 0231)
820 310 849 364 i*-
859 317 932 369 (ric
982 310 1056 361 «hirii
1066 316 1094 367 λ’
1105 315 1188 361 (vrri

669 983 1216 1119 FRAGMENTA.

846 1260 1051 1292 ⁴——

199 1437 397 1506 Antimachus‚
414 1433 563 1512 llyparchi
583 1433 657 1490 filius
673 1431 840 1512 (secundum
856 1431 926 1489 Sui·
973 1427 1099 1485 minibus
1109 1427 1224 1503 mctytis
1235 1437 1384 1504 magistros
1395 1438 1539 1502 quaerunt
1561 1427 1692 1504 inclytos,
1706 1444 1730 1487 et

161 1525 284 1603 dam),a
309 1524 440 1602 plurimis
462 1521 669 1598 Colophonius,
694 1519 928 1578 sedaCicerone
972 1513 1033 1571 sine
1058 1514 1194 1590 magistro
1225 1533 1286 1570 esse
1311 1512 1359 1570 rix
1387 1513 1481 1569 ullum
1514 1515 1676 1591 patiuntur.
1696 1517 1731 1574 lta

161 1613 263 1691 (Bruto
273 1630 297 1669 c.
314 1611 363 1687 51)
383 1622 410 1666 et
431 1608 535 1667 uvidto
548 1609 647 1684 (Trist.
671 1609 693 1676 l,
712 1608 741 1673 6,
767 1607 794 1681 t)
820 1608 928 1660 Clarius
973 1620 1181 1679 nonnunquam
1199 1602 1305 1658 factum
1320 1612 1372 1668 est,
1385 1613 1418 1659 ut
1433 1603 1593 1678 magistros
1613 1615 1643 1661 et
1660 1603 1733 1662 diet

157 1713 246 1775 poeta
263 1697 435 1774 appellatur.
462 1695 535 1751 llinc
554 1693 622 1770 jure
651 1707 775 1751 statuere
795 1692 929 1749 videntur
972 1689 1056 1767 pulos
1076 1689 1201 1749 dixerint
1225 1708 1284 1760 cos,
1310 1689 1385 1746 inter
1405 1709 1482 1766 quos
1506 1689 1583 1747 illud
1606 1690 1732 1748 doctrina

161 1787 237 1846 Clari
260 1797 375 1854 natum,
399 1783 499 1858 patriar
524 1801 628 1838 nornen
651 1781 766 1838 duxisse
791 1797 808 1836 a
832 1779 927 1836 vicina
972 1777 1174 1833 commercium
1194 1777 1280 1834 fuisse
1303 1776 1349 1833 vel
1372 1795 1431 1834 non
1456 1774 1616 1853 probabile
1630 1777 1731 1850 est,rei

161 1871 233 1931 urbe
246 1868 396 1938 nobiliore,
406 1869 435 1925 in
448 1865 653 1944 qoahabitasse
661 1879 763 1924 eumer
776 1866 927 1922 maximam
972 1883 1104 1921 essenon
1123 1865 1250 1940 potuisse
1270 1861 1462 1920 demonstrari
1483 1876 1617 1940 potest.»
1635 1867 1733 1941 Panya-

161 1961 252 2018 aetatis
267 1971 376 2035 partem
386 1956 496 2032 degisse
507 1974 544 2012 ex
558 1955 620 2012 aliis
635 1955 801 2012 {estimoniis
815 1954 845 2010 lit
862 1972 928 2031 pro-
971 1953 1015 2009 sin
1031 1953 1061 2008 in
1077 1953 1202 2028 antiquae
1218 1971 1337 2029 poeseos
1348 1952 1439 2028 epicae
1452 1953 1619 2011 imitatione
1631 1953 1734 2029 excepit

161 2047 389 2124 habitamque
402 2045 852 2122 idem,iuquitSchellenbergius,
863 2065 929 2102 con·
971 2039 1179 2098 Antimachus:
1195 2059 1260 2096 narn
1280 2038 1449 2108 Choerilum,
1472 2053 1506 2096 ut
1531 2040 1669 2111 vidimus,
1683 2059 1732 2097 non

162 2137 257 2213 tigisse
273 2135 389 2194 videtur
404 2134 556 2203 nicandro,
572 2153 655 2210 quem
674 2135 771 2211 plures
782 2133 928 2209 Colopho·
971 2125 1165 2205 agnoscebant
1178 2124 1562 2203 grammaticistcsintbroti
1578 2129 1673 2186 studia
1684 2131 1733 2187 llo-

161 2223 240 2280 nium
260 2233 371 2290 vocant,
391 2222 522 2297 quamvis
535 2223 594 2298 ips-e
610 2222 638 2277 in
651 2223 706 2278 line
719 2222 927 2279 Theriacorum
971 2220 1077 2276 merica
1092 2218 1132 2292 (v.
1149 2218 1235 2275 wott.
1251 2217 1363 2293 Proleg.
1381 2216 1410 2274 in
1425 2219 1511 2277 llom.
1539 2238 1570 2295 p.
1592 2227 1689 2291 cun)
1710 2228 1734 2284 'nt

162 2307 266 2389 Κλάρον
275 2309 412 2388 νιρόεοοαν
432 2308 559 2385 πολίχνην
583 2310 704 2385 patriam
718 2328 798 2366 suam
813 2328 927 2365 nuncu·
971 2326 1070 2363 caussa
1083 2307 1169 2365 fuisse
1180 2304 1325 2375 videntur,
1339 2315 1370 2361 ut
1383 2305 1562 2363 Antimacho
1572 2305 1675 2364 duent
1684 2325 1733 2363 nta-

161 2399 282 2474 parerit.
296 2395 381 2468 Quod
403 2395 518 2472 quidem
531 2416 566 2452 eo
578 2397 761 2454 verisimilius
773 2409 824 2462 est,
837 2415 926 2472 quum
968 2395 1100 2470 gistrum.

161 2487 450 2565 Apollinisoppidum
463 2485 708 2563 Colophoniorum
721 2485 822 2543 ditioni
834 2482 928 2561 subje-
1011 2482 1055 2539 De
1075 2481 1134 2538 vita
1154 2478 1368 2539 Antimachiex
1382 2491 1454 2538 teste
1476 2493 1573 2551 certo,
1597 2481 1629 2538 in
1650 2484 1734 2550 eres

160 2587 237 2631 ctum
255 2575 349 2639 fuerit,
364 2573 439 2630 uncle
452 2573 520 2630 deus
533 2573 593 2648 ipse
614 2592 818 2649 nonnunquam
841 2573 926 2629 Colo·
970 2567 1133 2644 fragmentis
1155 2567 1303 2643 ponenda,
1320 2566 1480 2624 lrocsolum
1491 2566 1661 2637 didicimus,
1675 2587 1735 2643 poe

160 2659 286 2735 pitonius
294 2659 407 2716 dicitur.
417 2661 450 2716 V.
461 2661 615 2736 spanhem.
627 2660 662 2717 ad
675 2659 841 2719 Callimachi
849 2659 884 2717 ll.
896 2660 926 2717 in
972 2666 1027 2711 tam
1042 2654 1134 2730 Lydes
1150 2654 1210 2712 sive
1224 2654 1322 2712 amicae
1340 2655 1402 2711 sive
1413 2654 1512 2711 uxoris
1526 2674 1628 2712 amore
1644 2674 1736 2712 corre-

161 2746 255 2822 Apott.
274 2765 301 2803 ν.
322 2767 390 2818 70.»
972 2737 1105 2808 t’¹⁰¹¹¹‚l¹¹
1117 2739 1247 2816 Lydiam,
1260 2745 1366 2800 Sardes
1380 2753 1412 2798 ut
1433 2741 1563 2812 videtur,
1586 2763 1618 2800 se
1636 2755 1734 2800 contn-

201 2832 327 2904 'l'empus
350 2853 409 2910 qno
434 2833 507 2890 vixit
532 2854 619 2912 quum
641 2833 689 2890 alii
711 2832 852 2910 produnt,
865 2844 924 2891 turn
970 2828 1736 2906 lisse;quamortuarediisseColopbonemetclegiacis

160 2920 355 2995 Apollodorus
367 2920 444 2996 apud
456 2920 619 2978 Diodorum
632 2922 710 2995 lllll,
731 2922 795 2990 rofi,
810 2932 924 2977 narrato
970 2914 1144 2972 carruinibus
1156 2914 1315 2972 scribendis
1339 2915 1470 2974 dolorem
1496 2917 1642 2975 fefellisse.
1658 2919 1732 2979 Pre-

160 3006 216 3061 fine
233 3006 299 3063 belli
316 3008 550 3082 Peloponnesiaci
570 3008 626 3066 hoc
644 3007 729 3065 modo
743 3020 925 3084 pergentem:
970 3015 1048 3060 terea
1095 3003 1264 3060 Plutarchus
1299 3004 1329 3058 in
1355 3005 1420 3061 Vita
1451 3004 1596 3079 Lysandri
1629 3007 1665 3080 (c.
1695 3004 1737 3079 18)

64 3157 66 3163 Ι
161 3089 261 3169 Μικρὸν
277 3091 302 3148 δὲ
322 3097 367 3161 τῆς
383 3092 484 3171 εἰρήνης
503 3093 608 3169 ὕστερον
627 3094 777 3165 ἐτελεύτησε
790 3099 898 3171 Δαρεῖος
912 3097 925 3149 ὁ
970 3090 1030 3146 haec
1047 3102 1162 3147 narrat:
1179 3089 1335 3167 Ἀντιμάχου
1350 3096 1394 3148 τοῦ
1408 3091 1580 3171 Κολορωνίου
1593 3091 1637 3149 καλ
1654 3094 1735 3161 Νικη·

161 3177 306 3244 recitata<
332 3180 451 3255 βασιλεύς
522 3180 569 3251 τὴν
595 3183 617 3238 δ’
642 3183 781 3257 ἡγεμονίαν
798 3179 926 3246 διεδέξατο
946 3157 950 3229 l
971 3177 1048 3256 ρᾶτου
1073 3176 1141 3242 τινὸς
1163 3175 1346 3254 Ἡρακλεώτου
1367 3177 1498 3253 ποιήμασι
1522 3177 1676 3260 Λυτᾶνδρια
1700 3181 1735 3253 (in

92 3312 110 3340 ¹.
159 3265 211 3318 τῶν
234 3264 510 3345 υἱῶνὸπρετίύτερος
530 3267 693 3346 Ἀρταξέρξης
716 3270 872 3342 tltlncmon)
970 3265 1064 3341 Samo)
1079 3263 1306 3341 διαγωνισαμένων
1319 3264 1612 3345 trr’efrrrplhysandro
1620 3266 1734 3342 judice),

101 3350 105 3357 ’
161 3346 189 3407 ὃν
202 3347 233 3418 δὴ
248 3349 341 3429 χρόνον
359 3350 403 3406 καὶ
416 3350 570 3430 Ἀντίμαχον
583 3353 626 3410 τὸν
636 3354 747 3423 ποιητὴν
760 3353 925 3412 Ἀπολλόδω-
971 3351 1014 3409 τὸν
1031 3353 1179 3431 Νικήρατον
1202 3351 1392 3431 ἐστεφάνωσεν·
1409 3351 1464 3410 ὅδὲ
1483 3353 1642 3431 Ἀντίμαχος
1659 3356 1734 3432 ἀχθε-

161 3459 202 3516 ρος
224 3440 238 3494 ὁ
264 3437 394 3507 Ἀθηναῖος
418 3439 458 3513 (in
481 3442 644 3517 Cltronicis)
675 3441 752 3520 ρησὶν
777 3440 924 3511 ἠνθηκέναι.
971 3439 1038 3502 afric
1048 3439 1157 3518 ἠφάνισε
1171 3438 1201 3496 τὸ
1217 3439 1332 3518 ποίημα.ι
1345 3438 1458 3499 Πλάτων
1469 3439 1496 3497 δὲ
1506 3439 1563 3505 νέος
1573 3441 1610 3499 ὧν
1625 3440 1684 3499 τότε
1697 3440 1735 3498 καλ

161 3524 271 3582 Floruit
284 3527 370 3600 igitur
387 3529 462 3583 circa
484 3548 590 3585 aunum
614 3531 671 3596 405
693 3549 717 3585 a.
729 3530 795 3585 Chr.
823 3531 924 3587 suidas
973 3528 1111 3604 θαυμάζων
1131 3525 1175 3584 τὸν
1198 3527 1354 3605 Ἀντίμαχον
1371 3528 1461 3606 ἐπὶτῇ
1481 3534 1622 3606 ποιητικῇ,
1641 3530 1734 3609 βαρέως

160 3612 231 3668 niltil
245 3613 313 3668 certi
328 3613 363 3669 de
380 3616 550 3672 Antimacho
562 3630 727 3673 annotatum
741 3618 858 3681 invenit,
876 3620 924 3693 qui
970 3613 1081 3696 φέροντα
1110 3612 1157 3684 clo
1175 3606 1257 3683 ἧτταν
1278 3614 1457 3691 ἄνελᾶμὸανεν
1478 3616 1523 3674 καὶ
1544 3622 1733 3696 παρεμυθεῖτο,

159 3701 320 3775 scripserit:
334 3699 401 3760 Ἀντ.
415 3745 454 3774 ...,
468 3702 649 3782 γραμματικὴ
660 3704 704 3761 καὶ
718 3703 835 3774 ποιητής.
849 3703 926 3770 Ἰἰνὲς
969 3710 1021 3766 τοὶς
1032 3704 1153 3777 ἀγνοοῦσι
1166 3700 1246 3759 κακὸν
1258 3692 1326 3759 εἶναι
1338 3700 1385 3772 τὴν
1398 3701 1514 3778 ἄγνοιαν,
1528 3706 1565 3770 ὡς
1577 3703 1626 3774 τὴν
1641 3703 1733 3784 τυρλό-

160 3783 187 3842 δὲ
200 3786 245 3842 καὶ
257 3786 359 3856 οἰκέτην
371 3789 448 3846 αὐτὸν
463 3790 610 3871 ἀνέγραψαν
624 3790 784 3857 ΙΙανυᾶσιδυς
794 3797 838 3850 τοῦ
850 3814 925 3861 ποιη-
968 3811 1035 3858 τητα
1043 3797 1096 3852 τοῖς
1108 3787 1144 3864 μὴ
1158 3788 1305 3866 βλέπουσιν.
1320 3790 1354 3847 Et
1366 3791 1441 3867 apud
1456 3792 1639 3864 Ciceronem,
1651 3794 1732 3850 Bruto

159 3879 216 3936 τοῦ,
233 3872 302 3931 πάνυ
324 3876 489 3956 ψευσάμενοι.
507 3868 559 3936 Ἦν
576 3876 627 3957 γὰρ
643 3880 721 3936 αὐτοῦ
739 3877 866 3948 ἀκουστὴς
879 3878 925 3936 καὶ
969 3896 992 3931 c.
1009 3878 1081 3952 51,§
1097 3896 1164 3950 191:
1179 3879 1239 3931 Nec
1249 3884 1322 3932 enim
1333 3891 1429 3951 posset
1442 3882 1516 3932 idem
1535 3882 1732 3935 Demosthenes

160 3961 369 4042 Στησιμὸρότου.
384 3964 478 4041 Γέγονε
490 3965 516 4022 δὲ
530 3966 581 4045 πρὸ
598 3967 745 4030 Πλάτωνος.
768 3969 801 4025 ln
819 3967 924 4042 quibus
969 3967 1069 4034 dicere,
1087 3968 1164 4037 quod
1176 3967 1287 4019 dimisse
1301 3966 1513 4036 Antimachum,
1535 3968 1662 4022 Clarium
1670 3987 1733 4040 poe·

160 4048 290 4106 mirabile
312 4065 353 4108 est
374 4054 575 4110 Antimachum
600 4054 767 4129 Panyasidis
789 4055 871 4110 simul
896 4068 924 4111 et
969 4066 1038 4121 rant,
1045 4053 1151 4122 jerunt
1159 4074 1170 4120 ‚·
1186 4056 1236 4127 qui
1257 4075 1354 4128 qtrum,
1372 4058 1536 4111 convocatis
1549 4060 1730 4124 creditoribus,

161 4136 342 4193 Stesimhroti
355 4138 514 4196 auditorem
526 4142 782 4217 vocari:qnornm
796 4144 876 4210 alter,
893 4156 924 4197 ut
969 4143 1275 4214 legerctcismognom
1291 4143 1366 4196 iilorl
1392 4145 1731 4216 qtrodnonistiseolomer

159 4237 245 4294 sopra
269 4223 387 4294 dictum,
401 4244 477 4280 anuo
491 4228 546 4295 457
563 4228 788 4284 exstinctusesse
800 4229 923 4299 videtur,
967 4248 1059 4293 aaron,
1070 4240 1099 4282 et
1114 4247 1176 4283 conr
1191 4231 1328 4303 legentem
1343 4248 1439 4284 omnes
1454 4243 1570 4303 praeter
1590 4234 1729 4287 Platonem

159 4305 232 4362 alter
248 4309 349 4366 Pericli
367 4324 511 4386 superstes
532 4326 603 4381 erat,
617 4314 639 4368 si
649 4333 778 4388 premere
792 4316 923 4371 volumus
970 4316 1166 4387 reliquissent,
1194 4319 1343 4389 «Legem,
1369 4319 1474 4391 inquit,
1507 4319 1600 4373 rrilrilo
1628 4323 1730 4373 minus:

159 4390 388 4452 verbaAthenaei
403 4399 642 4472 Altt‚p.589,h‘.
659 4399 923 4476 Sedngrammatici
970 4404 1053 4456 Plato
1073 4404 1149 4456 enim
1174 4405 1248 4457 milri
1268 4424 1341 4458 onus
1366 4416 1410 4457 cst
1435 4406 1561 4459 omnium
1587 4410 1729 4461 millium.»

161 4477 205 4554 (ut
218 4481 307 4539 ttaetit
319 4482 415 4540 verbis
431 4498 495 4541 utar
516 4485 551 4542 de
568 4487 693 4543 Choerilo
706 4507 733 4564 p.
750 4508 782 4543 ar
799 4487 853 4565 sq.)
871 4488 925 4544 ho·
970 4487 1080 4558 Quibus
1107 4491 1201 4545 statim
1223 4488 1407 4565 subjiciamus
1432 4491 1468 4548 de
1490 4493 1595 4550 codem
1620 4495 1730 4552 Platone

187 4696 284 4745 suidas
297 4712 303 4745 :
317 4699 484 4759 Antimachus,
494 4702 665 4762 grammaticus
675 4706 699 4751 et
710 4706 787 4764 poeta.
802 4705 863 4752 Sunt
875 4703 918 4764 qui
972 4702 1017 4751 bus
1030 4705 1162 4759 certarent,
1181 4705 1318 4767 Lysander,
1334 4708 1410 4769 judex
1423 4710 1581 4769 certaminis,
1599 4712 1729 4761 Niceratum

157 4775 255 4811 servum
270 4765 345 4813 tuisse
357 4767 483 4815 retulerint
500 4770 640 4830 Panyasidis
652 4776 743 4832 poetae,
758 4771 801 4819 sed
819 4785 919 4833 prorsus
968 4775 1101 4822 coronarit.
1115 4777 1185 4831 Quod
1199 4781 1248 4824 tam
1259 4790 1322 4838 agre
1337 4778 1392 4826 tulit
1405 4780 1583 4840 Antimachus,
1601 4788 1628 4830 nt
1639 4797 1729 4832 cannen

157 4830 252 4879 fallunt.
266 4837 324 4882 Erat
335 4834 399 4882 enim
410 4837 507 4886 auditor
520 4839 587 4900 ejus,
598 4839 708 4888 similiter
720 4853 748 4888 ac
758 4840 918 4889 Stesimbroti.
968 4857 1040 4892 suum
1054 4843 1166 4893 aboleret.
1179 4845 1247 4893 Plato
1256 4852 1351 4906 autent,
1365 4848 1405 4895 itto
1417 4852 1525 4910 tempore
1534 4851 1650 4911 juvenis,
1662 4853 1729 4901 admi·

157 4901 225 4948 vixit
237 4908 292 4952 ante
304 4905 435 4954 Platonem.
968 4914 1166 4961 ransAntimachi
1174 4916 1310 4964 facultatem
1319 4917 1445 4979 poeticam,
1455 4917 1729 4984 solabaturpoetam,qut

190 4970 326 5022 Plutarch.
348 4978 405 5036 Las.
422 4991 428 5023 :
446 4979 527 5030 Quum
541 4978 699 5027 Antimachus
722 4980 886 5042 colophonius
897 4983 922 5029 et
968 4995 994 5031 se
1004 4988 1141 5044 superatum
1151 4984 1255 5046 dolebat,
1267 4990 1291 5034 et
1301 4987 1346 5034 hoc
1358 4987 1422 5036 dicto
1435 4989 1525 5048 erexit,
1539 4989 1634 5038 inscitie
1645 4991 1728 5039 ιοολυιο

156 5039 282 5090 Niceratus
294 5043 392 5104 quidam
405 5046 546 5096 Heracleote
560 5050 585 5096 in
604 5049 724 5109 Lysandri
736 5050 797 5099 festo
810 5050 920 5099 carmini·
968 5064 1023 5101 esse
1032 5052 1110 5114 ipsam
1122 5053 1251 5118 inscitiam,
1263 5059 1291 5105 ut
1300 5057 1434 5106 cecitatem
1446 5057 1476 5105 iis
1485 5058 1529 5120 qui
1538 5071 1590 5108 aon
1602 5059 1690 5109 rideat.
