3564 5640
278 337 1597 382 w

672 623 1187 762 PRAEFATIO.

843 1007 1008 1033 -οοοοο-

318 1277 359 1347 ln
375 1272 449 1346 hoc
471 1287 610 1370 septem
633 1285 825 1369 poetarum
847 1293 1001 1367 corpore
1024 1269 1186 1343 Hesiodo
1207 1270 1443 1369 Apollonium
1458 1298 1500 1347 ac
1521 1279 1601 1350 Mu·

269 1422 382 1470 mum
400 1394 676 1483 subiunximus,
693 1419 739 1465 ne
754 1393 980 1490 reliquorum
997 1409 1174 1490 quatuor,
1192 1394 1256 1490 qui
1276 1394 1322 1466 de
1344 1394 1452 1468 rebus
1462 1399 1600 1472 Troicis

270 1538 512 1611 suntomnes,
534 1521 819 1616 interrumpatur
834 1517 938 1589 ordo.
969 1517 1119 1606 Critica,
1138 1541 1247 1613 quam
1260 1533 1410 1609 vocant,
1436 1520 1601 1595 adhibita

270 1660 346 1717 arte
361 1668 474 1716 novas
494 1641 629 1714 borum
651 1654 840 1712 auctorum
860 1639 1093 1711 recensiones
1109 1637 1308 1710 exhibendi
1323 1640 1471 1713 sortasse
1490 1668 1538 1715 ne
1551 1644 1602 1716 la·

271 1766 385 1838 cultas
403 1764 553 1862 quidem
572 1763 717 1852 luisset,
735 1761 930 1832 consilium
954 1774 1051 1832 certe
1069 1784 1145 1831 uon
1166 1776 1254 1832 erat.
1291 1761 1460 1858 Religiosi
1480 1781 1602 1839 autem

271 1888 421 1960 editoris
439 1912 517 1959 esse
531 1887 761 1985 putavimus,
788 1883 826 1954 in
849 1907 958 1954 usum
975 1907 1083 1953 suum
1102 1898 1330 1973 convertere,
1352 1885 1382 1956 si
1399 1886 1490 1982 quid
1511 1887 1603 1962 boni

271 2025 379 2107 atque
392 2008 576 2081 emendati
595 2008 757 2078 virorum
773 2006 965 2078 doctorum
983 2006 1059 2094 sire
1076 2005 1239 2100 ingenio,
1257 2007 1331 2077 sive
1346 2007 1469 2079 studio
1486 2034 1608 2109 nuper

273 2133 455 2205 detectum
478 2131 669 2202 invenerit.
701 2133 792 2216 Quae
809 2130 936 2199 messis
958 2129 1076 2224 poetis
1100 2128 1235 2199 nostris
1256 2127 1355 2199 haud
1373 2155 1502 2226 parcos
1520 2132 1604 2206 red·

273 2253 367 2326 didit
386 2254 537 2326 fructus.
579 2256 664 2339 Quo
685 2250 913 2339 factumest,
934 2265 976 2321 ut
993 2275 1141 2338 omnes,
1169 2249 1240 2319 nisi
1266 2249 1357 2321 forte
1372 2254 1521 2326 Taetzen
1546 2280 1606 2329 ex·

273 2377 393 2475 cipere
410 2376 519 2465 velis,
537 2371 727 2472 permultis
745 2372 835 2444 locis
857 2373 1022 2462 correcti,
1044 2373 1175 2468 partim
1203 2396 1336 2443 novam
1357 2375 1464 2470 plane
1482 2376 1605 2452 induti

274 2501 452 2598 speciem,
483 2499 522 2571 in
552 2498 671 2569 lucem
696 2492 894 2591 prodeant,
925 2493 1154 2591 plurimaque
1183 2494 1256 2565 dici
1281 2497 1441 2592 possint,
1469 2499 1605 2595 quibus

276 2622 417 2711 multae,
448 2645 537 2717 quas
560 2620 781 2717 recepimus,
810 2615 985 2687 lectiones
1009 2615 1249 2712 explicentur,
1280 2617 1467 2690 nonnullae
1485 2620 1608 2695 desen·

275 2743 422 2833 dantur,
441 2757 658 2815 excusentur
675 2766 751 2813 non
768 2763 904 2836 paucae.
932 2741 982 2809 Ne
1001 2752 1122 2809 tamen
1140 2738 1305 2828 modum,
1324 2740 1389 2835 qui
1403 2741 1605 2836 praelationi

276 2866 450 2938 constitui
463 2865 570 2953 solet,
601 2878 851 2951 transeamus,
872 2861 919 2932 de
935 2860 1087 2957 singulis
1105 2861 1370 2933 mutationibus
1389 2862 1426 2933 in
1443 2863 1606 2940 editione

276 3005 401 3064 nostra
414 2986 532 3059 obviis
551 2986 665 3058 fusius
680 2986 855 3057 disserere
871 2983 1206 3081 supersedebimus,
1223 3008 1313 3080 quas
1334 3010 1381 3057 ne
1393 3010 1607 3064 enumerare

276 3111 427 3210 quidem
454 3108 592 3199 licebit,
626 3108 697 3180 nisi
729 3107 795 3179 ubi
822 3107 861 3177 id
885 3121 947 3178 aut
974 3107 1100 3202 paucis
1125 3105 1413 3195 absolvendum,
1441 3127 1505 3183 aut
1528 3114 1607 3188 sine

278 3257 409 3329 magno
430 3232 608 3304 lectorum
633 3245 844 3302 nostrorum
864 3228 1102 3300 incommodo
1130 3253 1206 3300 non
1232 3229 1445 3303 evitandum
1470 3235 1615 3310 iudica--

277 3355 448 3426 venimus.

313 3475 591 3573 Goettlingianus
605 3478 754 3547 llasrom
769 3488 888 3546 textus
901 3474 1165 3571 quinquaginta
1180 3475 1454 3551 emendationes
1468 3480 1506 3551 in
1516 3479 1616 3552 The·-

278 3600 428 3693 ogonia,
448 3599 757 3696 vigintiquinque
776 3597 814 3669 in
841 3603 953 3670 Scuto
967 3598 1131 3669 Herculis
1157 3623 1178 3668 a
1204 3598 1313 3670 nobis
1337 3616 1496 3698 receptas
1510 3626 1620 3697 egre--

277 3722 344 3816 gtae
361 3722 560 3793 Hermanni
583 3720 789 3794 recensioni
808 3721 864 3818 (in
882 3711 1042 3817 opuscc(
1063 3719 1135 3791 vol.
1160 3723 1218 3808 Vl,
1242 3745 1320 3816 pag.
1344 3727 1408 3808 ¹4²
1430 3725 1526 3821 sqq.)
1545 3724 1608 3796 de.-

277 3842 351 3916 bet.
378 3848 501 3931 Quum
518 3844 564 3916 de
574 3844 694 3942 prisca
713 3842 929 3939 Theogoniae
950 3842 1065 3914 forma
1084 3841 1347 3939 hodiernaeque
1365 3844 1503 3939 origine
1516 3845 1621 3920 athir

278 3966 504 4065 constet(r),
522 3992 647 4038 versus
670 3966 898 4061 longioresvc
912 3965 1014 4038 locos
1036 3981 1293 4062 transponere,
1310 3967 1498 4062 quomodo
1522 3976 1610 4043 ller-

278 4111 435 4161 mannus
450 4086 512 4159 hic
527 4087 602 4159 illic
616 4087 823 4160 laciendum
838 4087 957 4176 docet,
971 4088 1048 4160 ausi
1062 4113 1136 4159 non
1151 4112 1291 4177 sumus,
1304 4088 1367 4159 sed
1379 4091 1464 4161 satis
1477 4090 1619 4166 habui·-

279 4232 361 4281 mus
373 4210 478 4282 uncis
496 4209 700 4301 includere,
716 4234 815 4307 quae,
837 4235 912 4307 quo
933 4210 1015 4281 loco
1034 4208 1145 4281 hodie
1163 4210 1348 4306 leguntur,
1369 4216 1539 4288 carminis
1557 4232 1619 4290 te·-

279 4356 408 4404 norem
423 4334 718 4429 interrumpunt,
733 4333 809 4404 sive
821 4332 1071 4429 dispositionis
1089 4332 1268 4405 hodierna
1285 4336 1516 4431 antiquioris,
1534 4340 1609 4414 sive

279 4454 457 4530 variarum
471 4456 742 4546 recensionum,
754 4455 829 4528 sive
843 4454 1168 4551 interpolatiouum
1183 4454 1330 4551 uestigia
1344 4456 1427 4527 sint.
1442 4458 1549 4546 Quod
1563 4460 1609 4531 ad

317 4762 362 4842 (ι)
380 4765 560 4837 Maitzellius,
572 4786 658 4844 quem
681 4765 771 4824 bisin
786 4764 891 4823 studiis
905 4775 998 4823 toturn
1018 4784 1083 4824 esse
1101 4764 1155 4822 viri
1170 4764 1253 4823 docti
1266 4785 1326 4823 non
1344 4766 1499 4844 ignorant,
1510 4770 1541 4827 in
1558 4789 1608 4830 re-

278 4869 414 4929 censione
430 4869 532 4944 libelli,
546 4871 576 4930 in
590 4892 650 4950 quo
666 4870 831 4930 Soetbeerus
844 4869 964 4947 quidam
978 4890 1029 4929 sua
1044 4870 1229 4948 Gruppiique
1250 4872 1362 4930 somnia
1384 4871 1421 4930 de
1436 4873 1608 4951 primigenia

278 4975 456 5054 Theogoniae
468 4977 565 5054 specie
579 4975 690 5055 publici
701 4975 779 5055 juris
796 4977 865 5035 lecit
880 4976 1057 5055 (Zimmerm.
1071 4975 1216 5052 ephemm.
1234 4995 1260 5035 a.
1279 4976 1368 5055 1838,
1380 4998 1460 5038 num.
1475 4996 1512 5036 ro
1520 4977 1610 5059 sqq),

280 5078 446 5161 philologiae
459 5081 608 5141 hodiernae
622 5083 697 5142 vires
708 5081 873 5142 difficultati
887 5080 974 5140 huius
988 5079 1155 5158 questionis
1168 5101 1255 5160 pares
1268 5101 1331 5143 esse
1346 5097 1439 5162 negat
