3564 5640
633 553 1148 750 ranulam.

804 940 968 967 ⁴000.—

229 1267 231 1276 1
277 1216 319 1285 ln
336 1212 408 1283 boc
431 1224 570 1308 septem
594 1222 785 1306 poetarum
809 1228 962 1302 corpore
986 1204 1146 1275 Hesiodo
1169 1203 1405 1303 Apollonium
1420 1232 1462 1280 ac
1483 1213 1563 1282 Mu·

230 1361 342 1409 saeum
361 1333 637 1419 subiunximus,
653 1355 700 1401 ne
715 1329 941 1427 reliquorum
959 1342 1135 1425 quatuor,
1154 1328 1217 1425 qui
1239 1328 1285 1399 de
1307 1329 1414 1402 rebus
1425 1334 1563 1406 Troicis

230 1478 473 1549 suntomnes,
494 1461 780 1554 interrumpatur
796 1453 899 1525 ordo.
931 1454 1080 1541 Critica,
1100 1477 1209 1549 quam
1223 1469 1373 1543 vocant,
1399 1455 1565 1530 adhibita

230 1601 306 1658 arte
322 1609 434 1656 novas
455 1582 589 1653 borum
611 1593 802 1650 auctorum
821 1576 1054 1648 recensiones
1072 1574 1270 1646 exhibendi
1285 1576 1434 1649 sortasse
1453 1604 1500 1652 ne
1514 1581 1564 1652 sa·

230 1710 345 1780 cultas
363 1706 514 1804 quidem
533 1705 677 1793 luisset,
696 1699 889 1773 consilium
916 1713 1012 1770 certe
1031 1723 1105 1769 non
1128 1713 1216 1769 erat.
1253 1699 1422 1795 Religiosi
1443 1718 1565 1777 autem

231 1832 380 1924 editoris
400 1853 478 1902 esse
492 1827 722 1927 putavimus,
749 1824 788 1894 in
812 1847 920 1894 usum
937 1846 1044 1892 suum
1064 1836 1292 1911 convertere,
1315 1823 1453 1920 siquid
1474 1825 1565 1900 boni

231 1969 340 2052 atque
353 1950 537 2025 emendati
556 1951 719 2021 virorum
734 1946 928 2019 doctorum
946 1946 1020 2016 sive
1038 1945 1201 2041 ingenio,
1219 1946 1294 2016 sive
1309 1946 1431 2019 studio
1448 1973 1567 2048 nuper
1641 1978 1646 1985 ⁴

233 2077 416 2150 detectum
439 2073 630 2146 invenerit.
662 2074 753 2158 Quae
771 2070 897 2140 messis
920 2069 1043 2167 poetis
1061 2068 1196 2139 nostris
1219 2067 1318 2139 haud
1336 2095 1466 2167 parcos
1484 2073 1566 2146 red·

233 2199 327 2271 didit
346 2197 498 2270 fructus.
541 2198 625 2282 Quo
647 2193 874 2281 factumest,
897 2206 938 2261 ut
956 2215 1102 2280 omnes,
1131 2190 1201 2262 nisi
1228 2191 1320 2263 sorte
1336 2195 1485 2266 Tzetzeu
1510 2222 1567 2270 ex·

233 2323 353 2419 cipere
371 2320 480 2409 velis,
497 2317 689 2417 permultis
706 2315 796 2387 locis
819 2314 983 2404 correcti,
1005 2315 1137 2412 partim
1164 2338 1298 2386 novam
1320 2317 1427 2413 plane
1446 2319 1567 2394 induti

234 2446 412 2543 speciem,
445 2445 483 2515 in
512 2442 631 2514 lucem
657 2438 855 2538 prodeant,
886 2437 1116 2536 plurimaque
1146 2437 1218 2508 dici
1245 2439 1404 2535 possint,
1432 2443 1568 2539 quibus

236 2568 377 2657 multae,
409 2592 499 2664 quas
521 2567 743 2662 recepimus,
771 2562 946 2633 lectiones
972 2560 1212 2657 explicentur,
1243 2561 1430 2633 nonnullae
1449 2564 1570 2638 desen·

235 2692 382 2780 dantur,
403 2703 620 2761 excusentur
637 2711 713 2759 non
730 2709 865 2783 paucae.
893 2687 944 2754 Ne
963 2698 1083 2753 tamen
1102 2682 1268 2773 modum,
1287 2685 1352 2780 qui
1366 2685 1569 2781 praelationi

236 2814 410 2886 constitui
425 2813 531 2902 solet,
563 2826 811 2897 transeamus,
834 2806 880 2878 de
897 2805 1049 2902 singulis
1067 2806 1334 2877 mutationibus
1352 2807 1390 2878 in
1407 2809 1570 2885 editione

238 2954 361 3011 nostra
375 2935 494 3009 obviis
513 2936 627 3007 fusius
642 2934 816 3006 disserere
834 2930 1170 3029 supersedebimus,
1187 2956 1277 3029 quas
1298 2957 1344 3002 ne
1358 2957 1570 3009 enumerare

239 3060 388 3160 quidem
415 3057 553 3149 licebit,
588 3059 660 3129 uisi
691 3056 756 3128 ubi
784 3055 823 3127 id
848 3069 909 3126 aut
936 3054 1062 3152 paucis
1089 3053 1376 3141 absolvendum,
1406 3073 1469 3129 aut
1493 3060 1571 3133 sine

240 3208 371 3281 magno
391 3182 568 3256 lectorum
595 3195 805 3252 nostrorum
826 3177 1065 3250 incommodo
1093 3201 1169 3249 non
1196 3178 1407 3252 evitandum
1435 3183 1572 3256 iudica·

240 3307 409 3378 serimus.

275 3428 553 3525 Goettlingianus
567 3431 715 3498 Hasrom
733 3440 850 3498 textus
864 3426 1128 3523 quinquaginta
1145 3425 1418 3498 emendationes
1432 3429 1469 3499 in
1480 3428 1572 3500 The·

240 3553 390 3647 ogonia,
412 3552 539 3649 viginti
554 3553 719 3650 quinque
739 3550 777 3621 in
804 3552 915 3622 Scuto
930 3549 1095 3620 Herculis
1121 3573 1142 3619 a
1167 3547 1276 3620 nobis
1300 3567 1460 3649 receptas
1475 3575 1573 3648 egre·

239 3677 305 3772 giae
323 3676 523 3747 Hermanui
546 3674 751 3746 recensioni
772 3673 825 3771 (in
845 3697 991 3771 opuscc.
1027 3670 1098 3742 vol.
1124 3675 1181 3762 Vl,
1205 3697 1283 3769 pag.
1307 3677 1373 3760 142
1394 3676 1490 3772 sqq.)
1509 3675 1573 3748 de·

240 3799 312 3870 bet.
339 3802 463 3886 Quum
481 3798 527 3870 de
537 3800 655 3897 prisca
676 3797 891 3894 Theogoniae
912 3796 1029 3867 forma
1048 3795 1310 3892 hodiernaeque
1329 3799 1468 3890 origiue
1481 3797 1573 3871 nihil

240 3938 384 3994 constet
396 3922 467 4020 (r),
484 3947 610 3994 versus
633 3922 860 4018 longioresve
875 3921 977 3993 locos
1000 3936 1256 4018 transponere,
1274 3921 1462 4017 quomodo
1487 3928 1575 3995 ller-

152 4119 155 4123 ,
241 4069 397 4116 mannus
412 4043 474 4116 hic
490 4044 565 4115 illic
579 4043 785 4115 laciendum
801 4044 920 4133 docet,
934 4045 1012 4115 ausi
1025 4068 1100 4114 non
1116 4068 1255 4134 sumus,
1267 4042 1331 4115 sed
1343 4045 1428 4115 satis
1442 4044 1573 4118 habui·

241 4190 322 4239 mus
334 4169 440 4239 uncis
459 4166 662 4258 includere,
680 4191 777 4265 quae,
800 4193 875 4266 quo
896 4169 978 4239 loco
998 4166 1109 4238 hodie
1127 4168 1312 4264 leguntur,
1333 4171 1504 4244 carminis
1522 4186 1574 4245 te·

241 4315 370 4364 norem
385 4293 680 4390 interrumpunt,
697 4291 772 4363 sive
784 4291 1035 4389 dispositionis
1054 4291 1232 4362 hodierna
1248 4293 1481 4389 antiquioris,
1499 4296 1574 4369 sive

242 4415 420 4487 variarum
435 4416 706 4506 recensionem,
718 4415 793 4488 sive
806 4414 1131 4514 interpolatiouum
1146 4414 1293 4513 vestigia
1308 4415 1391 4487 sint.
1407 4415 1514 4504 Quod
1527 4418 1572 4490 ad

279 4727 322 4804 (ι)
343 4729 523 4800 Mtitzellius,
536 4749 622 4808 quem
645 4729 735 4788 bisin
750 4728 854 4787 studiis
868 4740 961 4786 totum
982 4748 1043 4787 esse
1065 4729 1120 4786 viri
1135 4728 1215 4786 docti
1230 4748 1289 4786 uon
1308 4729 1463 4807 ignorant,
1474 4730 1504 4787 in
1522 4748 1572 4788 re-

241 4833 376 4892 censione
393 4833 495 4908 libelli,
509 4837 538 4893 in
554 4855 613 4914 quo
629 4834 794 4896 Soetbeerus
808 4833 928 4913 quidam
942 4854 993 4893 sua
1008 4834 1194 4912 Gruppiique
1215 4834 1326 4891 somnia
1348 4832 1385 4892 de
1401 4834 1572 4915 primigenia

241 4938 419 5017 Theogoniae
431 4942 528 5019 specie
542 4940 654 5020 publici
665 4941 742 5020 juris
761 4942 829 5001 lecit
843 4941 1021 5021 (Zimmerm.
1036 4940 1180 5018 ephemm.
1199 4960 1224 4999 a.
1244 4940 1332 5020 1838,
1344 4961 1424 5001 num.
1440 4960 1475 5000 ιο
1485 4940 1574 5031 sqq),

242 5044 409 5125 philologiae
423 5047 572 5107 hodiernae
587 5049 661 5108 vires
673 5049 837 5108 difficultati
851 5047 938 5107 huius
952 5048 1120 5126 quaestionis
1133 5067 1216 5125 pares
1233 5066 1295 5106 esse
1311 5061 1403 5126 negat.

1414 5182 1429 5211 a
